3000 4742
564 238 800 327 emmeno.
1066 250 1072 262 ·
1137 246 1219 307 rvu

154 412 424 503 provinciamque
434 408 603 473 rectoribus
624 430 663 479 ac
676 407 748 471 belli
759 405 887 469 ducibus
897 409 1044 473 malorem
1057 412 1088 473 in
1098 411 1221 475 modum

152 513 401 579 mmcdanram
413 519 529 593 putem
572 509 651 569 Cum
673 519 775 569 autem
793 510 895 569 virum
914 507 1072 591 politicum
1093 511 1132 571 ad
1146 508 1222 573 benc

147 613 314 697 regendum
328 610 394 673 aliis
414 629 535 692 quoque
549 608 711 673 virtutibus
727 606 823 671 nihilo
837 609 936 669 minus
958 610 1139 671 instructum
1160 632 1223 673 esse

148 722 299 797 oportent,
320 731 359 772 ne
372 730 476 771 earum
494 707 618 791 quidem
642 707 778 790 exempla
797 690 1036 791 documentaque
1049 706 1098 769 hic
1111 708 1225 772 frustm

145 815 293 923 requiras.
335 811 371 870 ln
384 808 494 892 quibus
508 806 606 891 qualis
621 807 711 868 luerit
724 807 970 887 Cantacuzenus,
991 807 1069 871 inii-a
1082 810 1224 871 ostende

143 935 226 975 mus:
257 914 291 972 in
303 930 445 993 praeseus
463 907 578 992 aliquid
599 907 638 971 de
651 906 828 975 Andronico
843 907 998 988 dicemus,
1028 929 1137 991 quem,
1168 913 1221 993 qui

143 1011 330 1079 aClemente
342 1012 384 1075 V.
397 1009 539 1093 pontifice
559 1009 689 1073 maximo
710 1009 742 1069 in
764 1018 914 1091 extruvng.
929 1009 1159 1091 communibus,
1187 1022 1223 1074 ut

141 1110 359 1175 haereticorum
387 1119 418 1172 et
431 1108 598 1171 schismatis
627 1109 743 1190 antiqui
757 1107 905 1169 fautorem
917 1111 1223 1175 excommunicatione

142 1232 316 1294 percussum
332 1210 501 1288 existimat,
521 1209 548 1270 is
567 1219 705 1291 tempora
718 1207 797 1271 male
809 1210 982 1291 componit,
1003 1220 1034 1271 et
1055 1199 1222 1292 drmopq·

142 1309 193 1396 σι’ςι
217 1311 375 1375 manifeste
399 1308 528 1371 laborat.
577 1308 639 1386 Qui
661 1310 743 1369 enim
768 1318 840 1369 tunc
868 1307 1120 1390 imperabat,et
1089 1306 1246 1391 etultra¹

140 1409 240 1471 adhue
262 1411 348 1471 annis
369 1406 541 1492 quindecim
562 1418 631 1491 post
645 1394 840 1471 Clementiae
862 1409 927 1469 rita
948 1407 1133 1471 discessum
1124 1431 1221 1493 impe·

139 1511 219 1575 ravit
242 1508 435 1571 Andronicus
453 1509 572 1587 senior,
599 1528 684 1573 sacro
710 1507 764 1570 illo
785 1506 912 1569 fulmine
928 1518 1024 1569 tactus
1044 1519 1099 1577 est.
1138 1511 1222 1594 Ergo

140 1610 173 1668 in
186 1588 391 1673 Andronico
383 1608 501 1675 iuniore
513 1606 678 1669 Christiani
700 1610 891 1692 imperatoris
907 1628 1095 1691 expressum,
1117 1632 1151 1671 ao
1173 1614 1221 1675 vi-

139 1727 215 1769 vum
230 1706 457 1792 quodammodo
479 1705 676 1769 simulacrum
689 1707 740 1767 hic
754 1708 942 1788 proponitur.
983 1707 1040 1767 Est
1059 1710 1159 1788 enim,
1188 1721 1223 1771 ut

137 1808 245 1889 paucis
272 1817 305 1867 et
321 1806 496 1871 summatim
517 1824 653 1887 agemus,
675 1803 798 1885 excolu,
820 1824 876 1865 nec
897 1802 998 1865 minus
1017 1804 1144 1873 modesti
1158 1809 1223 1871 ani-

137 1907 196 1985 mi,
217 1903 382 1981 beneficus,
401 1901 487 1963 sortis
502 1912 532 1962 ct
549 1923 723 1984 generosus,
742 1902 886 1964 adversus
899 1901 977 1963 bene
989 1914 1139 1967 merentes
1154 1929 1224 1989 grn-

135 2014 200 2083 tus,
220 2003 383 2081 humanus,
402 2000 594 2080 iniuriarum,
615 1999 813 2084 laborumque
832 1999 976 2083 tolerans,
996 2003 1029 2065 in
1041 2005 1224 2087 ignoscendo

135 2102 238 2182 mitis,
268 2100 456 2179 misericors,
487 2100 569 2183 pacis
583 2100 733 2183 cupidus,
761 2103 794 2161 in
816 2099 1014 2165 consultando
1032 2125 1101 2167 cum
1119 2108 1223 2168 amicis

134 2199 263 2283 diligens
291 2197 391 2281 (quod
409 2208 515 2259 contra
536 2203 681 2287 mentitur
700 2201 874 2283 Gregoras,
903 2200 977 2263 dum
999 2203 1124 2265 consilia
1139 2205 1225 2267 nullu

134 2297 312 2385 admisisse,
335 2308 373 2360 ‚et
390 2298 551 2379 imperium
569 2297 732 2382 neglexisse
749 2302 904 2380 autumat)
921 2300 960 2361 ab
980 2290 1058 2362 odio'
1069 2305 1101 2363 in
1115 2325 1222 2387 quem·

135 2418 231 2480 quam
254 2396 445 2481 suscipiendo
466 2395 599 2477 alienus,
626 2400 771 2481 pecuniae
783 2398 935 2481 liberalia,
957 2402 1131 2465 aedificandi
1157 2416 1221 2467 stu-

135 2495 261 2576 diosus,
294 2517 364 2578 erge
387 2497 508 2575 Deum,
540 2496 682 2578 caelites,
710 2499 900 2578 sacerdotes,
933 2522 1025 2562 avum
1046 2506 1123 2564 mire
1142 2506 1222 2586 pius.

135 2595 246 2657 insunt
261 2596 293 2655 in
309 2595 357 2655 his
372 2593 457 2657 libris
471 2597 594 2681 insuper
608 2596 668 2659 alia
682 2599 714 2659 in
728 2597 795 2663 aliis
807 2598 1032 2683 praeclarorum
1040 2602 1221 2683 facinorum,

132 2705 164 2756 et
179 2692 280 2777 (quod
295 2693 544 2756 dissimulandum
567 2717 631 2757 non
645 2698 705 2779 est)
719 2700 810 2759 etiam
828 2700 990 2783 insignium
1004 2704 1148 2764 vitiorum
1169 2726 1221 2765 er·

133 2793 255 2875 empla:
287 2814 417 2876 quorum
433 2805 468 2855 ut
482 2793 534 2857 illa
555 2796 720 2877 imitanda,
741 2801 784 2859 sic
798 2802 856 2861 ista
878 2800 1018 2881 evitanda
1036 2802 1125 2864 nohis
1142 2814 1221 2865 sunt.

133 2891 253 2955 Notum
276 2906 320 2955 est
344 2914 476 2976 namque
496 2892 573 2959 illud
594 2895 749 2965 Romanae
775 2896 918 2961 historiae
944 2903 1098 2983 principis.
1148 2896 1221 2987 Hoc

133 2991 227 3054 iilud
244 3005 289 3053 ert
303 2995 471 3078 praecipue
493 2994 528 3054 in
543 2996 720 3075 cognitione
740 3016 846 3061 rerum
871 2999 996 3060 salubre
1025 3018 1062 3059 ac
1078 2996 1219 3081 srugrse·

132 3113 206 3155 rum
217 3138 230 3167 ,
263 3094 363 3156 omnis
390 3106 418 3154 te
445 3093 585 3176 exempli
609 3093 796 3156 documenta
822 3096 855 3154 in
874 3095 994 3157 illustri
1015 3096 1122 3180 posim
1147 3120 1219 3161 mo·

134 3205 287 3255 numento
305 3191 442 3265 intueri,
465 3189 548 3250 unde
572 3192 652 3264 tibi,
672 3207 804 3276 tuaeque
826 3194 1017 3277 reipublicae
1042 3196 1131 3281 quod
1151 3184 1220 3259 imi·

132 3304 201 3354 tere
226 3293 354 3376 capiar.-
383 3288 467 3350 unde
480 3286 617 3372 foedum
634 3292 779 3375 inceptu,
799 3291 936 3374 foedum
954 3298 1044 3357 exitu
1066 3297 1155 3380 quod
1171 3299 1220 3357 vi·

132 3402 189 3455 ter.
211 3390 335 3452 xllabet
353 3389 403 3451 hic
418 3386 491 3469 dux,
510 3389 603 3452 habet
623 3390 730 3470 miles,
758 3390 850 3453 habet
862 3396 999 3475 privatus
1012 3398 1108 3475 civis,
1128 3395 1220 3458 hehet

131 3491 339 3574 magistratus,
360 3489 474 3551 habent
491 3493 581 3570 sacri,
599 3490 713 3552 habent
735 3489 866 3575 profani,
889 3493 1002 3556 habent
1020 3497 1143 3575 summi,
1162 3497 1218 3561 hu·

28 3598 29 3617 ¹
132 3587 209 3649 bent
228 3588 336 3669 infimi,
363 3588 477 3650 habent
497 3589 576 3666 viri,
604 3588 717 3650 habent
735 3590 897 3673 mulieres,
931 3592 1015 3675 quod
1034 3593 1083 3655 vel
1103 3594 1221 3677 fugiant

131 3688 185 3750 vel
206 3701 381 3771 sequantur.
433 3689 540 3753 Insunt
562 3693 712 3757 orationes
733 3692 951 3755 creberrimae:
984 3715 1060 3776 quas
1079 3715 1148 3753 cum
1168 3692 1220 3763 hic

133 3799 241 3851 auctor
261 3788 389 3851 directas
404 3786 493 3851 valde
511 3799 591 3849 emet
611 3790 699 3870 (sunt
719 3792 800 3859 enirn
820 3793 1014 3875 speciosiores
1046 3805 1076 3855 et
1098 3795 1218 3878 gravio·

134 3888 273 3967 reslnos
291 3891 443 3953 interdum
458 3893 614 3959 brevitatis
628 3902 747 3981 gratia,
769 3911 799 3961 et
820 3899 859 3960 nd
883 3899 1037 3961 vitandam
1061 3922 1095 3961 ex
1111 3880 1220 3965 simili-

134 3984 241 4048 tudine
261 3991 447 4076 satietatem,
483 3996 523 4055 ad
540 3995 697 4079 obliquas,
730 4020 816 4060 more
838 4001 1019 4061 Caesariano
1039 4002 1218 4084 redegimus.

136 4080 204 4144 Nec
223 4105 344 4165 Possum
365 4091 405 4154 de
433 4095 498 4157 istis
518 4098 705 4162 orationihus
732 4100 900 4185 quidquam
920 4099 1028 4164 melius
1058 4123 1093 4164 ac
1116 4100 1218 4164 verius

210 4208 427 4274 Contemnunt.
621 4240 624 4247 ·
1004 4223 1021 4275 i
