3000 4742
269 209 352 294 336
550 172 554 185 '
659 230 938 299 auricomi

124 394 183 451 M·-
198 386 466 474 ιὸνθθαρρούντας
480 384 524 462 οὐς
542 385 695 473 λήψονται
710 375 787 452 ὅτου
801 377 1005 451 ὐνύέοονται.
1035 384 1104 451 ἐπεὶ
1121 388 1158 452 δὲ
1178 386 1349 473 Ἀνδρόνι-

265 510 320 553 κον
340 483 393 553 τὸν
415 484 623 570 πρεσβύτερον
647 482 780 565 βασιλέα
799 475 892 567 εὐρον
910 487 964 567 τῆς
986 483 1087 570 α’ρχῆς
1107 487 1344 571 ἐκβεβλημένον,

264 584 343 670 πρὸς
361 583 413 649 τὸν
426 586 496 650 νέον
507 584 667 647 ἐποιοῦντο
683 579 743 665 τὴν
762 582 940 667 πρεσβείαν.
960 582 1109 666 βασιλεύς
1130 588 1160 649 d'
1176 588 1246 650 έπεί
1264 584 1346 649 tnt-

263 689 339 750 θετο
361 686 433 767 περί
456 674 501 746 ὧν
528 676 650 764 ἥκοιεν,
685 682 835 767 ἐπέτρεπε
855 682 898 768 rqi
923 681 1047 770 μεχσὶλφ
1070 685 1235 772 ὐομεστίκφ
1261 682 1346 768 πρὸς

265 778 378 859 αὐτούς
390 779 585 866 ποιήσασθαι
601 776 772 863 ἀπολογίαν
791 770 866 868 ᾖύν
887 776 984 858 δόξειε
1005 778 1195 862 μάλιστατὸ
1214 775 1371 866 εὐλογονό

264 880 365 964 ἔχειν.
394 878 411 944 ὅ
428 882 462 944 tt
477 878 764 960 μετακαλεσάμενος
795 873 871 954 τούς
885 879 1045 963 πρέσβεις,
1064 881 1198 962 βασιλέα
1210 905 1243 945 τε
1260 878 1344 967 ἔφα-

265 1003 337 1046 σκεν
357 978 521 1063 ἀκηκοέναι
539 979 613 1062 περὶ
632 968 676 1041 ὧν
694 971 807 1061 ἥκουσι
826 975 1049 1062 πρεσβεύοντες
1068 978 1122 1043 καί
1141 971 1254 1061 αὐτὸν,
1287 976 1348 1044 καέ

268 1074 325 1162 τὴν
342 1079 401 1159 μὲν
416 1072 553 1139 natando
565 1077 749 1158 συμμαχίαν
762 1073 818 1139 καί
831 1074 939 1162 φιλίαν
953 1075 1065 1139 αὐτῶν.
1072 1072 1150 1161 πρὸς
1166 1072 1239 1153 τούς
1256 1076 1345 1139 Ῥω-

175 1191 260 1254 Μογ
267 1174 370 1260 μαίων
389 1175 538 1256 βασιλέας
558 1175 613 1237 καί
632 1167 730 1238 αὐτὸν
755 1172 889 1255 εἰδέναι,
925 1172 980 1237 καί
1005 1168 1140 1259 ὡσπερεί
1164 1172 1241 1255 μίαν
1269 1170 1343 1258 ἦμε-

173 1285 205 1340 V.
215 1271 379 1357 167pou'uv
399 1272 581 1357 ἀμφοτέρας
600 1268 658 1346 τὰς
676 1270 839 1353 βασιλείοις
858 1269 1013 1354 νομίζειν,
1048 1270 1103 1336 καί
1129 1272 1247 1336 δίκαιον
1273 1267 1390 1352 ἅμαιο

266 1372 322 1436 καί
339 1373 494 1456 προσῆκον
508 1368 662 1453 ἡγεῖσθαι,
684 1363 758 1432 ὅτου
776 1362 815 1434 ὐν
832 1371 964 1434 δέωνται
979 1364 1127 1455 ἑκάτεροι,
1148 1363 1343 1456 ὠφελεῖσθαι

265 1474 340 1555 παρ’
361 1464 519 1551 ἀλλήλων.
543 1465 691 1550 χρήματα
713 1469 748 1532 δὲ
769 1464 792 1531 ei
813 1468 938 1533 αἰτοῦσι
958 1470 1024 1549 νῦν,
1046 1469 1077 1531 εἰ
1095 1465 1168 1553 πρίν
1188 1463 1243 1533 τόν
1263 1466 1344 1552 πρός

266 1563 418 1651 ἀλλήλους
441 1568 505 1630 τοῖν
533 1560 704 1647 Ῥωμαίων
730 1564 887 1648 βασιλέων
906 1566 1040 1648 πόλεμον
1059 1569 1238 1653 κεκινῆσθαι
1257 1558 1343 1651 ἧκον,

266 1664 450 1748 ἐκομίσαντο
474 1657 514 1730 έν
531 1654 553 1751 ᾗ
573 1660 738 1746 ἐβούλοντο
760 1659 914 1749 ἀρκοῦντα
935 1662 1013 1750 πρὸς
1032 1661 1089 1749 τὴν
1105 1665 1235 1750 χρείαν.
1271 1665 1346 1728 νοντ’

267 1765 304 1827 δὲ
324 1764 545 1829 ἀναλωθέντων
566 1762 611 1836 εἷς
630 1757 781 1849 τὸνπρύς
801 1761 954 1848 ἀλλήλους
983 1760 1136 1845 πόλεμον,
1172 1755 1385 1848 χρημάτωνιό

266 1865 327 1944 μέν
344 1858 380 1926 τὸ
401 1863 458 1926 νῦν
477 1856 558 1925 εἶναι
579 1860 635 1924 οὐκ
655 1861 819 1947 εὐπορεῖν·
856 1865 962 1949 ἕτερον
990 1863 1025 1927 δὲ
1052 1858 1164 1946 τρόπον
1184 1859 1343 1926 δύνασθαι

267 1956 424 2025 ἰάσασθαι
442 1954 498 2042 τήν
516 1958 648 2045 ἀπορίαν
666 1963 730 2025 τῶν
747 1959 940 2046 χρημάτων.
970 1956 1122 2046 στρατιὰν
1140 1954 1199 2046 γὰρ
1221 1953 1261 2023 ὐν
1280 1984 1343 2024 πα-

267 2067 397 2143 ρασχεῖν
416 2058 531 2142 πολλήν
549 2081 582 2122 τε
602 2058 659 2122 καί
677 2057 813 2144 ἀγαθὴν,
833 2057 1106 2143 συμμαχήσουσαν
1124 2055 1178 2124 ἐπί
1195 2055 1265 2133 τούς
1285 2083 1342 2123 πο-

238 2156 409 2238 Βλεμίους.
443 2153 569 2221 οἴεσθαι
597 2158 632 2223 δέ
657 2159 739 2242 μηδὲ
773 2152 890 2234 αὐτούς
915 2154 1025 2243 ἑτέρου
1051 2179 1107 2222 του
1133 2159 1220 2221 ἕνεκα
1247 2150 1343 2242 ἢτῆς

268 2254 415 2338 στρατιᾶς
435 2257 562 2320 δεῖσθαι
580 2256 643 2319 τῶν
660 2252 850 2340 χρημάτων,
876 2254 932 2320 καὶ
949 2257 980 2320 εἰ
996 2249 1110 2319 τούτου
1131 2253 1272 2338 τύχοιεν,
1300 2254 1382 2320 uiuo

268 2349 518 2432 σπουδαζόμενον
538 2352 645 2429 αὐτοῖς
663 2351 809 2436 ἠνύσθαι.
829 2349 858 2417 οἱ
877 2355 1022 2439 πρέσβεις
1041 2355 1075 2418 δέ
1094 2352 1260 2437 χρημάτων
1277 2354 1343 2416 ἓνε-

269 2476 310 2515 κα
330 2445 417 2534 ἥκειν
436 2447 550 2534 ἔλεγον,
565 2451 603 2515 οὐ
623 2441 783 2535 στρατιᾶς.
803 2449 861 2537 τὴν
878 2450 939 2538 γὰρ
961 2447 1066 2516 αὐτῶν
1085 2452 1219 2527 πολλούς
1237 2475 1270 2516 τε
1290 2449 1345 2515 καὶ

270 2546 410 2632 ὐμαθούς
424 2550 551 2635 τρέφειν
567 2541 613 2625 οἷς
626 2545 728 2628 ἔξεστι
745 2551 888 2635 χρῆσθαι
904 2552 948 2637 τῷ
963 2552 1104 2639 σφετέρῳ
1117 2555 1247 2633 βασιλεῖ,
1264 2548 1343 2615 οἰνα-

269 2646 422 2730 λιομοὶτιον
441 2648 644 2735 εὐποροῦντι.
686 2644 760 2727 τούς
777 2650 837 2731 μὲν
863 2641 921 2713 οὐν
936 2651 1081 2736 πρέσβεις
1100 2643 1198 2726 οὕτως
1217 2648 1342 2738 εὐφυῶς
1368 2706 1372 2710 .

271 2835 307 2888 ab
327 2836 387 2906 ipso
405 2833 558 2888 consultum
585 2834 619 2887 iri
638 2831 814 2889 confidentes.
850 2832 904 2887 Sed
926 2851 986 2886 eum
1003 2832 1184 2888 Androdieum
1209 2835 1341 2887 seniorem

271 2908 386 2977 imperio
404 2914 506 2957 motum
524 2907 688 2974 reperirent,
718 2904 753 2955 ad
771 2902 905 2957 iuniorem
924 2904 1057 2957 adierunt.
1094 2907 1118 2956 Is
1145 2921 1225 2956 eausa
1243 2902 1342 2955 adven-

271 2984 316 3028 tus
337 2993 428 3029 eorum
446 2984 581 3045 percepta,
599 2991 693 3043 magno
713 2975 859 3027 domestico
881 2992 949 3045 quae
967 2975 1219 3028 convenientissima
1237 2980 1344 3043 putaret

273 3044 456 3116 respondendi
472 3056 562 3113 partes
580 3045 664 3098 dedit.
700 3046 751 3097 Ille
769 3047 869 3096 vocatis
887 3045 922 3097 ad
939 3061 967 3096 se
984 3045 1088 3115 legatis,
1107 3044 1161 3097 sibl
1179 3053 1207 3096 et
1226 3047 1343 3112 impera-

272 3119 326 3168 tori
345 3115 519 3186 quamobrem
537 3115 679 3175 adessent,
708 3115 877 3168 intellectum
902 3131 959 3167 osse
978 3123 1006 3166 et
1025 3123 1157 3166 vetustam
1174 3130 1266 3166 eorum
1284 3130 1343 3164 eum

272 3186 398 3236 Romanis
424 3187 581 3243 societatem
603 3185 804 3255 amicitiamque
823 3183 896 3238 haud
913 3202 941 3237 ae
958 3187 1079 3255 ignorare
1098 3184 1184 3237 dixit:
1211 3192 1239 3235 et
1267 3191 1343 3234 utro-

272 3270 387 3324 rumque
405 3252 548 3322 imperium
566 3254 765 3324 quodammodo
786 3272 868 3306 unum
892 3257 1071 3324 principatum
1093 3256 1146 3306 sibi
1170 3253 1271 3316 videri3
1301 3255 1344 3304 iu·

272 3331 345 3373 stum
358 3324 423 3373 item
444 3333 549 3375 etcum
568 3325 659 3376 officio
679 3326 851 3376 coniunctum
870 3340 945 3389 esse,
969 3320 1061 3377 ambos
1079 3325 1193 3377 invicem
1210 3323 1342 3376 utilitates

273 3394 374 3443 afferre.
411 3392 492 3460 Quod
509 3392 544 3444 ad
557 3395 699 3462 pecuniam
716 3395 860 3456 attineret‚
882 3396 903 3446 si
922 3397 1062 3447 venissent
1083 3403 1225 3464 antequam
1243 3394 1343 3445 bellum

271 3464 345 3514 inter
362 3462 536 3529 imperatores
571 3472 700 3525 ereretur,
717 3471 848 3532 quantum
863 3480 912 3533 pro
930 3466 1092 3517 necessitate
1109 3466 1275 3526 voluissent,
1299 3481 1343 3516 ac-

267 3540 397 3600 cepturos
417 3531 508 3582 luisse.
543 3480 622 3584 rium
640 3531 712 3584 idern
729 3533 833 3585 bellum
854 3533 1007 3587 exhausisse
1028 3536 1167 3586 aerarium.
1203 3535 1344 3589 Verumta-

267 3617 336 3657 Ι,τινοιν
352 3601 407 3657 alia
423 3601 465 3650 via
483 3616 561 3667 posse
588 3600 652 3653 huic
676 3605 797 3672 ipsorum
815 3605 995 3672 sumptuariae
1015 3604 1168 3657 difficultati
1189 3620 1341 3657 occurreret

267 3672 421 3727 exercitum
448 3671 521 3722 enim
542 3685 667 3737 magnum
689 3689 719 3722 ac
742 3673 841 3723 fortem
866 3681 959 3725 contra
984 3674 1074 3726 hostes
1100 3674 1214 3726 militiae
1242 3677 1343 3726 socium

266 3742 451 3814 praebituros.
488 3740 534 3791 Sic
548 3755 666 3810 namque
684 3757 712 3793 ae
731 3741 899 3805 existimare,
925 3760 980 3797 non
998 3745 1082 3805 alins,
1113 3761 1192 3813 quam
1212 3745 1342 3797 exereitus

266 3829 351 3865 cansa
378 3813 451 3883 ipsos
475 3826 605 3882 quaerere
631 3810 780 3878 pecuniam.
822 3810 900 3863 Hune
917 3826 978 3882 ergo
997 3816 1019 3865 si
1043 3813 1243 3882 adipiscantur,
1271 3810 1343 3884 quod

244 3931 247 3939 f
265 3891 326 3935 tana
346 3880 474 3953 diligenti
493 3896 574 3950 opera
595 3887 756 3932 conarentur
770 3881 901 3946 invenire,
918 3883 970 3933 iam
987 3886 1126 4005 interqum
1137 3882 1244 3936 habere.
1271 3885 1342 3936 Con-

257 3961 308 4006 tra
326 3949 428 4020 legati,
453 3969 481 4005 se
500 3949 640 4023 pecuniae,
659 3968 715 4003 non
734 3952 866 4004 exercitus
883 3969 962 4005 causa
978 3954 1072 4005 missos
1110 3954 1247 4024 regionem
1271 3956 1342 4023 ipso·

266 4039 328 4075 rum
348 4023 451 4075 multos
469 4023 541 4075 alere
558 4029 737 4092 strenuosque
754 4020 871 4086 milites,
889 4022 988 4094 quibus
1006 4023 1047 4075 uti
1066 4038 1159 4076 eorum
1179 4025 1235 4093 regi
1253 4024 1342 4086 liceat,

266 4095 292 4147 sl
309 4099 434 4166 sumptus
453 4100 558 4147 tantum
576 4094 607 4146 ln
625 4091 762 4169 stipendia
780 4108 837 4152 non
855 4091 937 4154 desit.
972 4092 1098 4149 Huncin
1114 4091 1225 4148 modum
1242 4093 1341 4166 legatos
