3000 4742
210 236 240 248 ”
272 243 326 329 32
674 267 951 337 mursensem

120 438 181 493 nc.
196 441 262 497 1320
269 424 341 487 σθω
356 441 408 509 σοι
425 421 605 505 βασιλεός.”
622 412 830 507 όντεμήνοσεν
847 414 934 509 αότρῖ
953 422 1012 487 νῦν
1036 424 1092 487 κατ’
1112 415 1227 504 αότός,
1244 421 1291 499 ὥς
1309 420 1355 505 „t

266 521 408 606 πρόσθεν
430 523 568 606 ἐζήτεις,
587 523 750 606 γενήσεται
768 524 843 603 νῦν,
871 523 927 586 καί
946 524 1050 607 ἕτερος
1063 523 1134 587 ἀντὶ
1145 524 1204 586 σοῦ
1217 527 1354 608 προβλη-

267 620 402 707 θήσεται
420 617 587 702 βασιλεῦς,
606 622 665 684 σοῦ
678 616 736 696 τός
751 616 876 705 πραότας
898 624 973 705 παρ’
990 613 1088 685 oritoni
1105 617 1199 701 τιμὰς
1214 642 1353 705 καρπον.

266 720 399 804 μόνοο.”
418 713 495 804 πρὸς
515 711 608 783 ταῦθ’
624 716 726 795 όνόος
735 711 936 803 Ἀνδρόνικος
954 711 1138 803 όπενρινατο
1158 722 1300 784 τοιαῦτα

195 828 225 879 1³.
235 825 272 884 tt
353 817 389 899 ζ’.
400 867 410 899 ,
421 822 495 892 Τοῖς
507 818 541 895 ἐξ
558 809 649 903 όργής
662 811 684 901 ή
695 808 820 902 λόπηςή
831 839 913 895 τινος
928 819 990 883 τῶν
1006 817 1153 883 τοιοόταν
1166 819 1374 902 munerari-5

182 927 214 981 V.
229 942 333 999 ιρνσις
352 914 426 993 τοός
438 913 612 1000 ’λογισμοός
631 909 803 983 ἀκόλουθόν
818 919 895 1000 ἐστι,
914 909 991 1001 μήθ’
1005 908 1051 984 ὧν
1067 921 1192 1000 λέγουσι
1207 908 1284 1001 μήθ’
1305 907 1351 987 οἶν

266 1021 385 1104 δρῶσιν
403 1018 518 1092 ἐντοῖς
535 1016 589 1099 τής
606 1018 747 1102 ταραχῆς
772 1026 890 1103 καιροῖς
905 1019 1136 1104 παρανατέχειν
1149 1014 1205 1103 τήν
1214 1017 1352 1103 μνήμην.

268 1114 349 1180 ὅπου
371 1112 430 1201 γὰρ
451 1105 530 1199 μήθ’
553 1105 600 1181 ὧν
619 1111 806 1201 πράττουσιν
823 1115 1030 1183 αἰσθάνονται
1050 1110 1111 1182 νόν
1128 1113 1207 1201 πρός
1231 1114 1350 1203 βραχό,

264 1215 362 1302 σχολή
380 1207 406 1297 γ’
416 1206 456 1281 όν
471 1211 682 1298 μεμνήσονται
702 1210 800 1298 λόγων
827 1210 1075 1302 παρεῤῥοηκότος
1097 1216 1231 1302 χρόνον.
1264 1214 1299 1281 οὶ.
1313 1220 1350 1287 di

262 1339 298 1400 γε
312 1311 398 1401 παρό
415 1337 498 1389 τινος
511 1309 610 1397 λόγοις
626 1307 648 1398 ή
664 1312 842 1405 πράγμασιν
856 1308 1124 1400 εόεργετοόμενοι,
1149 1316 1206 1379 καὶ
1216 1319 1262 1393 εἰς
1274 1314 1393 1387 πόλ-ιο

264 1411 340 1491 θοός
358 1410 521 1490 ἐνιαυτοός
533 1408 589 1497 τήν
599 1410 726 1498 μνήμην
735 1415 989 1499 παρακατόχοοσι
1006 1415 1069 1480 τῶν
1087 1407 1349 1500 εόεργετημότανν.

264 1514 388 1599 ἡμέραν
409 1509 468 1599 γὰρ
490 1504 586 1597 οόσης
608 1513 662 1594 τῆς
680 1512 788 1596 ψυχῆς
814 1513 869 1579 καί
886 1515 1113 1597 καθεστήκοιας
1132 1513 1187 1579 καὶ
1203 1508 1349 1590 enicas}-

265 1615 420 1700 εργεσίαις
432 1612 638 1696 ἐνηόομόνης,
658 1607 702 1687 uic
720 1613 756 1679 ἐν
773 1613 882 1698 χαλκῷ
907 1613 1077 1694 συμβαίνει
1100 1614 1155 1678 καί
1172 1613 1236 1680 τῶν
1252 1610 1350 1697 λόγων

264 1713 321 1776 κατ’
336 1712 399 1777 τοῖν
414 1707 513 1797 ἔργον
533 1709 776 1792 ἐγνολόατεσθαι
791 1708 847 1786 τός
866 1707 1012 1795 μνήμας.
1041 1712 1096 1776 καί
1114 1705 1210 1788 αότός
1234 1716 1349 1794 τοίνυν,

243 1803 300 1876 ad
312 1813 454 1894 βασιλεῦ,
474 1799 520 1873 (όν
529 1810 589 1890 μὲν
606 1805 805 1893 ἐφθεγξάμην
815 1811 850 1874 ἐν
862 1803 908 1885 οἷς
924 1803 1124 1894 η’γονόιιτονν,
1145 1806 1395 1895 ἐπιλόλησμαιῐὸ

262 1910 430 1985 παντελῶς·
449 1898 496 1971 οἷν
511 1900 544 1971 d'
554 1897 695 1990 ήκηκόειν
714 1901 967 1993 εὐεργετούμενος
984 1906 1070 1995 παρὰ
1086 1911 1155 1990 σοῦ,
1176 1907 1274 1986 οότονς
1285 1907 1349 1992 ἕχιο

263 2005 320 2093 τήν
336 2004 460 2092 μνήμην
480 1998 646 2071 ἀνθοῦσαν
666 2007 721 2070 καί
743 2002 875 2091 νεαρὰν,
911 2005 955 2083 ὥς
972 2010 1074 2073 όοκειν
1091 2000 1180 2074 ednas
1196 2012 1276 2094 χθὲς
1297 2012 1353 2075 κατ’

264 2102 373 2193 προόην
397 2100 569 2190 ἀκηκοέναι
603 2101 657 2168 καὶ
674 2105 711 2169 σὲ
730 2106 766 2171 δὲ
787 2099 885 2172 αότὸν
907 2105 1089 2192 ἐλογιζόμην
1109 2104 1163 2174 τὸν
1183 2107 1253 2174 ἴσον
1277 2111 1352 2191 ἐμοὶ

262 2209 444 2275 διακεῖσθαι
463 2203 602 2291 τρόπον,
622 2204 679 2268 κατ’
692 2194 738 2270 ὧν
753 2208 814 2286 μὲν
833 2199 1028 2292 ὀργιζόμενος
1048 2209 1203 2293 ἐφθέγξω,
1223 2205 1278 2294 τήν
1294 2235 1349 2275 τοι.

222 2378 226 2385 ,
260 2307 375 2411 χίστην
393 2301 450 2389 τήν
467 2301 593 2389 μνήμην
609 2302 793 2387 ἀποβαλεῖν,
813 2296 859 2370 τόν
888 2307 924 2372 δὲ
944 2304 1165 2391 εόηργότηνας,
1196 2307 1392 2396 όσφαλιὸςτο

261 2407 501 2493 παρακατέχειν.
529 2403 587 2468 νόν
609 2404 645 2467 δὲ
665 2402 845 2470 τοόναντόον
863 2402 947 2470 ἅπαν
971 2402 1035 2489 ὁροί
1058 2412 1240 2489 συμβαῖνον.
1274 2405 1348 2485 τοός

261 2504 322 2591 γὰρ
337 2502 391 2591 τής
406 2504 528 2590 εἰρήνης
545 2500 662 2587 λόγους·
668 2505 760 2591 βυθῷ
778 2501 892 2589 Λήθης
909 2506 1066 2591 φέρεσθαι
1080 2504 1252 2593 παραόοός,
1273 2504 1348 2584 τοός

261 2697 267 2707 ‚
331 2640 357 2698 b.
375 2640 478 2694 Graeca
491 2677 499 2703 ,
511 2655 582 2710 quae
598 2640 627 2691 in
642 2655 690 2692 sus.
700 2640 856 2712 interpretis
866 2639 912 2693 hie
922 2638 1161 2707 desiderabantur,
1176 2644 1280 2715 integra
1295 2660 1348 2697 no·

299 2723 304 2743 ¹
331 2709 522 2766 sterhabebat
540 2710 602 2765 nb.
619 2710 650 2764 P.

261 2851 306 2902 sin
317 2850 416 2913 minus,
425 2847 508 2901 alium
522 2863 571 2916 pro
582 2844 714 2900 arbitratu
728 2847 765 2901 im
802 2853 917 2901 satorem
932 2856 1029 2901 creato.
1048 2850 1142 2921 Itaque
1156 2867 1230 2903 nunc
1244 2866 1346 2906 mann·

261 2923 323 2975 tiari
339 2920 429 2973 cidem
445 2918 513 2973 haee
528 2918 623 2970 iussit:
650 2915 732 2986 Quod
775 2916 894 2988 iqnando
912 2916 1096 2984 desiderabas,
1117 2922 1176 2973 cius
1193 2940 1265 2975 nunc
1283 2924 1347 2976 faxo

261 3009 369 3064 compos
383 2992 444 3044 dns:
471 2988 540 3040 alius
562 2990 635 3041 enim
654 2989 683 3039 in
702 2989 791 3040 locum
813 2997 889 3040 tuum
906 2989 1052 3059 imperator
1067 2995 1229 3058 asciscetus,
1252 2997 1300 3065 qui
1319 3004 1346 3047 te

255 3065 372 3187 sunlrnis
384 3060 542 3116 honestabit
554 3057 715 3115 honoribus.
733 3059 811 3111 Tunc
823 3059 933 3130 quidem
945 3060 1114 3116 Andronicus
1124 3062 1176 3116 hoe
1188 3072 1346 3136 responsum

262 3133 297 3186 de
319 3135 347 3187 ’t

331 3223 354 3275 η.
391 3202 446 3273 Qui
465 3203 519 3264 ira,
536 3200 645 3264 dolore,
669 3198 781 3252 antalio
796 3201 923 3270 quopiam
940 3204 1035 3254 affectu
1050 3205 1234 3269 concitantur,
1257 3223 1347 3278 neque

263 3273 330 3346 quid
347 3273 468 3325 dixerint
480 3272 569 3324 inilia
582 3270 786 3341 perturbatione
800 3288 889 3340 neque
903 3272 970 3342 qnid
989 3273 1113 3339 fecerint,
1129 3279 1283 3330 meminisse
1301 3295 1346 3328 so·

261 3346 328 3399 lent
371 3343 439 3394 Cum
456 3344 529 3394 euim
545 3358 602 3393 non
622 3343 742 3394 sentiant
763 3342 806 3392 vcl
828 3341 862 3393 ad
885 3344 929 3394 exi
949 3360 1010 3394 uum
1030 3354 1149 3416 tempus,
1176 3349 1243 3418 qnid
1259 3357 1347 3417 agant,

261 3415 452 3470 multominus
470 3413 611 3465 verborum
629 3413 835 3481 praeteritorum
852 3361 984 3465 reeordari
1000 3426 1110 3485 queunt
1147 3419 1178 3470 In
1197 3436 1265 3489 quos
1283 3436 1347 3471 vero

264 3502 312 3539 seu
324 3484 407 3536 verbo
423 3502 470 3536 seu
486 3500 515 3534 rc
535 3484 641 3553 aliquid
657 3483 741 3534 officii
761 3482 888 3535 collatum
901 3492 960 3547 est,
975 3484 1017 3538 illi
1037 3487 1080 3539 vel
1099 3489 1130 3540 in
1146 3490 1246 3542 multos
1262 3507 1347 3541 annos

262 3563 434 3626 acceptorum
446 3555 601 3607 memoriam
613 3551 781 3605 custodiunt·
814 3553 886 3622 Quia
899 3571 1014 3625 namque
1026 3560 1100 3612 mitis
1114 3576 1207 3612 eornm
1221 3561 1348 3630 beneque

148 3625 161 3643 '
264 3628 429 3697 compositus
441 3635 483 3679 est
495 3625 600 3676 animus
624 3632 653 3675 et
671 3623 806 3675 beneficio
819 3623 977 3691 delectatur,
1000 3627 1040 3694 iit,
1062 3638 1094 3681 ut
1112 3648 1173 3682 cnm
1191 3630 1272 3683 verbs
1290 3640 1348 3683 sum

262 3698 405 3751 benefacta
422 3698 465 3749 iili
486 3704 621 3767 tamquam
641 3697 670 3746 in
686 3711 731 3746 aes
745 3695 879 3764 insculpta
893 3695 1027 3751 haereant
1063 3700 1101 3752 Ac
1118 3718 1161 3752 me
1175 3719 1238 3754 sane
1254 3718 1348 3753 eorum

264 3786 333 3840 quac
346 3769 452 3821 locutus
468 3783 541 3830 sum,
565 3767 629 3819 dum
646 3763 782 3817 stomacho
804 3774 832 3817 et
848 3766 1030 3837 indignationi
1046 3771 1209 3837 serviebam,
1224 3772 1348 3824 funditus

263 3841 338 3909 cepit
348 3839 465 3892 oblivio:
486 3853 554 3908 quae
570 3846 660 3889 antem
680 3835 727 3888 abs
740 3844 767 3888 te
778 3834 847 3887 mihi
862 3836 1050 3893 benefaciente
1066 3842 1175 3907 audivi,
1198 3845 1238 3896 ita
1253 3843 1348 3911 vigent

262 3913 293 3964 in
306 3919 414 3979 pectore
431 3926 506 3970 mco,
528 3916 560 3960 ut
574 3925 606 3960 ea
621 3923 672 3958 nee
694 3905 754 3959 heri
776 3907 887 3976 quidem
902 3925 933 3959 ac
949 3911 1163 3975 nudiustertius,
1194 3913 1242 3965 sed
1262 3912 1346 3966 hodie

283 3982 378 4033 simum
392 3978 435 4033 his
451 3979 561 4031 auribus
575 3978 694 4030 hausisse
711 3994 754 4029 sne
766 3986 865 4045 putem.
903 3979 943 4031 Te
954 3997 1017 4035 vero
1033 3984 1147 4052 perinde
1161 3989 1284 4037 affectum
1301 4001 1346 4036 re·

261 3999 326 4118 har,
346 4068 468 4124 quaeque
481 4067 530 4120 per
544 4052 609 4101 iram
627 4051 845 4119 exprompsisses,
860 4066 952 4101 eorum
963 4054 1092 4106 citissime
1102 4054 1233 4108 abiecisse
1242 4071 1346 4106 meino·

263 4125 344 4176 riam:
365 4139 434 4194 quae
447 4130 536 4174 nutem
550 4119 682 4174 beneficia
697 4121 725 4173 in
745 4136 788 4191 sne
807 4121 973 4186 colioeasses,
986 4141 1017 4175 ea
1032 4133 1059 4176 te
1074 4127 1156 4178 etiarn
1169 4136 1250 4197 atque
1265 4128 1347 4177 ctiam

263 4192 406 4250 recordari.
442 4186 521 4245 Nunc
542 4191 696 4246 omninalia
716 4192 838 4247 evenisso
859 4193 991 4266 intelligo.
1027 4193 1095 4249 Nam
1116 4215 1253 4257 sermones
1272 4219 1347 4257 meos
