3000 4742
445 354 448 363 ,
563 296 856 369 ,mimium
927 330 950 383 ,ι
1210 290 1277 369 ru

190 471 363 547 munus,
405 468 552 553 Origenes
580 479 611 531 et
631 467 837 537 Tertullianus
867 468 973 553 quales
992 468 1119 537 undem
1138 470 1278 537 ium?

189 569 302 631 Nonne
329 589 437 631 corum
470 569 610 637 haemes
642 576 768 635 extent?
823 571 978 633 Feruntur
1008 569 1279 637 demonstrationes

188 668 384 753 evangelicae
408 670 540 733 Euscbii·
556 670 734 754 Pamphili,
764 675 797 733 in
817 672 930 757 quihus
952 682 1078 755 aperte,
1106 682 1137 734 et
1161 676 1280 756 saepius

148 780 160 791 ·
185 761 367 850 ἇριανιζει,
391 770 474 853 qued
496 770 687 833 doctissimus
699 770 807 834 Billios
825 771 1072 837 wationum
1090 771 1147 833 lib.
1174 793 1201 839 r.
1212 794 1281 856 cap,

186 888 239 952 n7.
249 867 343 951 plane
366 890 403 931 uc
423 869 535 931 disute
557 870 700 941 ostendit.
739 871 824 951 Quid
841 872 1111 945 deumsuutiones
1123 870 1278 957 evengeli-

186 973 265 1029 cae?
305 969 414 1032 stetim
428 973 461 1032 in
483 972 549 1054 ipso
563 973 713 1057 principio
733 972 950 1035 molosiacum
970 974 1034 1035 eius
1047 971 1191 1035 historiae
1205 975 1279 1055 (quo

185 1081 386 1132 monumento
405 1069 483 1131 nihil
506 1069 652 1133 hebemus
679 1073 713 1134 in
740 1070 896 1155 republica
922 1071 1094 1134 Christiana
1121 1070 1277 1154 illmtrius)

187 1164 379 1230 Arianismos
403 1169 521 1255 aliquot
547 1170 691 1234 observet
713 1182 799 1235 tomo
823 1174 925 1257 tertio
939 1170 1106 1233 Annalium
1131 1172 1276 1233 Zonaras

188 1264 267 1328 Sunt
280 1269 312 1329 in
332 1270 473 1332 munibus
495 1283 692 1336 monumenta
713 1271 835 1352 Photii,
862 1283 933 1334 sunt
955 1270 1275 1334 TheodoriBulsumo-

185 1366 258 1447 nis,
289 1370 344 1452 qui
365 1371 510 1448 Latinos,
533 1381 570 1433 ut
593 1370 854 1454 pestilentissimus
876 1371 1104 1450 schismuticus,
1131 1371 1278 1433 conviciis

183 1469 297 1547 passim
311 1466 433 1532 lecerat
472 1470 606 1533 Eosdem
620 1470 661 1533 ob
673 1474 897 1555 processionem
918 1474 1013 1534 murti
1025 1471 1156 1554 Spiritus
1174 1472 1274 1555 exegi-

183 1574 232 1626 tat
243 1568 334 1630 etiam
351 1567 462 1631 nobilis
480 1571 559 1633 inter
570 1570 728 1656 theologos
745 1582 846 1656 patrus
860 1570 1106 1655 Theophyluctos
1116 1569 1278 1653 Bulgariue

183 1666 364 1750 episcopus,
393 1680 444 1747 et,
472 1668 711 1733 urius'similiter
731 1691 876 1754 magnum
896 1671 976 1731 inter
994 1691 1094 1733 sacros
1113 1671 1276 1752 scriptores

182 1785 297 1828 nomen
324 1778 391 1847 est,
419 1768 617 1851 Euthymios.
668 1770 801 1831 Possum
825 1769 925 1831 adhuc
943 1770 1101 1830 nominare
1120 1768 1275 1848 homilias,
1308 1820 1312 1829 .

182 1876 217 1925 et
234 1865 296 1928 aliu
311 1861 425 1950 scriptu
444 1866 650 1938 huiuscemodi
669 1869 841 1947 homiuum,
867 1888 946 1951 quae
965 1873 997 1929 in
1013 1867 1157 1928 Latinum
1176 1879 1274 1929 mans·

180 1961 249 2026 lata
259 1963 414 2049 leguntur,
442 1977 474 2027 et
485 1966 525 2027 ab
538 1966 664 2027 eruditis
683 1966 889 2050 proferuntur.
930 1967 963 2027 Si
976 1988 1049 2049 ergo
1062 1989 1119 2029 nco
1137 1969 1275 2050 superio·

179 2085 253 2124 rum
267 2064 430 2145 historiae,
454 2086 512 2126 nec
525 2067 653 2127 istorum
673 2067 882 2128 commentarii
902 2065 1047 2128 hactenus
1061 2065 1204 2128 ecclesiae
1225 2069 1274 2129 in-

181 2164 433 2227 commodarunt:
455 2166 528 2250 quin
541 2165 950 2248 potius(quodreselametl
965 2167 1123 2227 mirumin
1145 2165 1272 2228 modum

180 2264 437 2349 vehementerque
457 2265 708 2346 commodarunt,
736 2287 777 2326 ne
798 2265 1040 2327 uCantacuzeno
1059 2265 1183 2348 quidem
1205 2287 1271 2328 mu·

182 2363 386 2447 gisdamnum
403 2362 502 2426 ullum
521 2363 740 2443 metiendum,
767 2385 860 2448 quam
879 2363 1008 2443 fluetus,
1032 2366 1119 2446 isque
1130 2385 1191 2426 non
1207 2380 1273 2427 tue·

182 2462 313 2544 diceris,
335 2473 372 2524 nt
385 2484 421 2525 ex
435 2463 681 2526 antecedentibus
695 2465 807 2546 patuit,
832 2463 1047 2546 exspectandus
1062 2475 1116 2526 est.
1156 2465 1272 2526 Rerum

181 2575 334 2646 gesturum
369 2584 405 2624 ac
425 2563 626 2625 vetustiorum
659 2572 832 2645 temporum
863 2560 989 2638 utilem,
1012 2565 1273 2646 mariamne

185 2664 386 2744 cognitionem
415 2665 626 2745 persequimur
645 2672 678 2722 et
698 2663 899 2744 inquirimus:
928 2664 954 2722 si
975 2661 1049 2744 quid
1071 2663 1224 2723 interdum
1239 2667 1272 2725 in

183 2763 223 2823 iis
235 2763 334 2823 minua
353 2761 593 2823 commendabile
613 2763 805 2844 aspergitur,
827 2761 859 2820 id
881 2771 945 2822 totu
963 2773 1066 2824 mente
1094 2783 1272 2824 aversemur

182 2863 455 2942 utqueruiicimusr
486 2873 516 2923 et
538 2860 656 2922 calamo
674 2861 785 2940 mum,
809 2880 880 2921 cum
901 2871 946 2921 est
963 2863 1101 2942 occasio,
1129 2872 1271 2922 noturnus

182 2971 277 3043 utque
296 2961 494 3025 confodimus.
534 2961 599 3022 Neo
623 2980 698 3022 vero
719 2961 759 3021 ab
780 2959 839 3021 hcc
858 2971 982 3021 auctore
1001 2974 1106 3021 nocuo
1128 2960 1271 3021 ecclesiae

180 3059 358 3140 Romanae,
387 3071 440 3122 aut
459 3062 597 3122 Romano
617 3061 751 3144 pontifici
766 3048 966 3121 contumeliae
983 3059 1146 3141 dicuntur,
1177 3080 1270 3142 quem

179 3165 312 3244 peusin,
336 3163 555 3223 sanctissimum
576 3162 748 3239 dominum,
774 3171 829 3221 tua
848 3160 1009 3236 sanctitas,
1041 3169 1094 3220 tua
1113 3158 1270 3220 beutimdo

179 3272 289 3322 vocnt:
312 3273 343 3323 et
357 3273 393 3322 ut
407 3262 488 3343 opud
502 3283 572 3322 eum
585 3263 727 3344 opinione
747 3258 828 3320 mula
846 3280 885 3349 ne
903 3261 953 3337 sit,
976 3257 1110 3320 elaborat
1124 3260 1270 3341 (propter

179 3360 347 3442 barbaros,
370 3363 487 3422 Turcas
507 3362 668 3440 videlicet,
694 3362 726 3420 in
748 3359 890 3421 auxilium
906 3362 1083 3436 accersitos,
1103 3370 1268 3424 tautumm-

178 3483 239 3544 que
251 3461 333 3523 bello
348 3461 428 3522 civili
442 3462 653 3543 pmvinciem,)
672 3481 743 3521 cum
758 3480 793 3520 eo
807 3480 891 3520 erma
906 3459 1049 3521 aduersus
1064 3458 1197 3519 infideles
1210 3477 1269 3540 pro

179 3561 276 3645 glorio
299 3564 398 3622 crucis
419 3562 531 3623 Christi
553 3564 736 3645 coniungere
758 3561 861 3642 cupit:
896 3561 960 3619 eius
979 3559 1182 3619 laudationem
1209 3557 1268 3618 sibi

180 3660 367 3744 amplissimo
386 3662 495 3723 honori
513 3662 614 3722 ducit:
641 3660 755 3743 legatos
775 3663 868 3743 ipsius
887 3659 1016 3741 benigne
1035 3661 1165 3740 excipit:
1196 3679 1268 3720 cum

174 3762 301 3840 codem
321 3762 476 3823 Clemente
489 3763 634 3822 nimirum
654 3762 725 3838 vt,
746 3759 786 3821 de
808 3758 925 3842 synodo
945 3756 1105 3835 habenda,
1133 3756 1266 3818 redime·

179 3862 357 3945 grunduqoe
381 3862 573 3923 ecclesiarum
593 3861 755 3922 concordia
778 3858 904 3921 sollicite
931 3879 966 3919 uc
997 3867 1171 3917 reverenter
1194 3859 1266 3940 egit.

179 3961 261 4042 Non,
284 3965 429 4046 iuquam,
459 3962 509 4023 hic
533 3962 646 4044 probra
668 3973 699 4023 et
711 3960 870 4022 maledictu
884 3954 1056 4021 iaciuntur:
1081 3957 1134 4020 sed
1151 3957 1266 4019 dissen-

179 4060 225 4124 sio
253 4083 287 4125 ac
304 4061 461 4126 dissidium
482 4061 559 4126 illud
573 4084 591 4125 a
603 4062 691 4129 uobis
702 4062 840 4143 Latinis,
855 4063 916 4123 ism
937 4058 1027 4144 lippis
1045 4071 1075 4121 ct
1094 4056 1268 4122 tonsoribus
