3000 4742
251 182 304 275 x'x
679 204 704 264 ι.
735 199 913 277 roman

249 378 290 441 ah
310 374 536 453 ortuChrlsti,
571 369 748 435 orientalem
778 372 934 436 ecclesiam
958 394 976 435 a
1002 376 1137 439 norma
1162 374 1339 441 secessim

247 476 404 541 Feruntur
416 477 488 536 item
501 473 636 535 historici
650 493 712 535 uon
726 476 836 556 pauci,
857 473 917 535 hoc
930 487 1034 537 nosuo
1048 477 1159 559 partim
1181 476 1335 557 mnqrsio-

247 598 320 657 res,
340 577 452 660 partim
466 574 666 654 recentiores,
687 594 765 659 quos
786 574 915 636 eumad
936 596 1033 636 unum
1053 574 1335 653 reliuhaereticis,

246 675 297 741 vel
316 677 349 736 in*
371 674 566 737 schismaticis
577 676 652 736 -iure
664 692 877 754 numeremus,
908 673 994 735 nullo
1015 680 1119 736 tamen
1140 694 1248 737 smum
1269 676 1339 747 sinc

245 775 362 858 aliquo,
384 774 525 836 omnihus
538 765 628 835 simul
641 775 706 834 sine
719 773 850 835 maximo
863 771 1046 834 detrimento
1058 771 1183 837 ecclesis
1197 773 1339 841 Romana
1444 770 1450 779 “

244 894 349 937 carere
368 894 431 935 non
445 884 555 958 potest.
598 873 668 934 Vin’
688 884 723 934 tu
744 873 852 933 audire
873 875 927 955 qui
949 875 1033 934 sint?
1087 872 1271 943 sozomenus
1304 880 1339 932 et

244 974 382 1037 Socrates
396 975 508 1036 Novati
522 973 678 1057 perfidiam
695 975 799 1034 secuti
812 984 895 1034 sunt.
937 973 1079 1052 Quorum
1093 972 1143 1037 hic
1157 994 1220 1039 non
1230 969 1336 1035 oblata

226 1073 362 1154 solum,
392 1074 444 1135 sed
466 1073 619 1135 interdum
640 1075 731 1134 etiam
754 1074 894 1156 quaesita·
909 1074 1064 1135 occasione
1085 1073 1272 1136 Novatiauos
1293 1070 1334 1151 li,-

242 1172 351 1235 hcnter
371 1166 492 1253 laudat,
521 1175 593 1256 ipsis
614 1170 762 1237 miracula
781 1173 901 1250 tribuit,
926 1173 1133 1236 Romanorum
1155 1173 1334 1255 pontificum

242 1275 408 1355 potentiam
428 1274 577 1356 exagitat:
608 1293 686 1355 quae
700 1274 803 1333 omnia
818 1271 946 1332 lacobus
956 1270 1062 1336 Billius
1076 1272 1213 1339 cauditus
1228 1268 1335 1339 Thooss

241 1370 328 1454 logos
342 1372 586 1434 obseruatlonum
600 1390 754 1433 sacrarum
775 1370 855 1433 libro
866 1371 967 1454 primo
980 1372 1080 1454 capite
1088 1374 1236 1455 vigesimo
1249 1382 1333 1433 sexto

240 1468 409 1532 luculenter
428 1470 625 1534 demonstrat.
655 1472 704 1532 Da
717 1470 889 1553 Nioephom
904 1468 1030 1533 Callisto
1044 1471 1140 1554 liquet
1158 1492 1193 1534 ex
1208 1474 1332 1532 Genna-

240 1570 283 1632 dii
298 1570 435 1655 apologia
449 1590 507 1655 pro
518 1570 655 1633 Concilio
669 1570 865 1650 Flornrtino,
890 1571 944 1632 uhi
963 1573 1028 1633 cius
1042 1583 1186 1637 nontam
1204 1554 1331 1653 scripta,

239 1686 331 1752 quiam
350 1673 485 1732 convicia
504 1681 610 1733 contra
630 1670 755 1732 Latittos
770 1668 961 1733 refelluntur:
977 1682 1013 1732 ut
1026 1670 1066 1732 de
1078 1674 1127 1752 iis,
1148 1693 1227 1755 quae
1240 1692 1330 1753 spar-

239 1771 296 1831 sim
318 1771 351 1830 in
370 1768 533 1830 'historiam
553 1789 638 1830 suam
661 1770 783 1830 siniam
805 1771 950 1850 insumit,
980 1770 1057 1833 nihil
1070 1771 1185 1837 dicam.
1226 1774 1330 1837 Zona·

238 1886 306 1929 ram
325 1868 417 1929 firlsse
429 1866 676 1944 schismaticum,
702 1868 806 1927 testari
821 1878 948 1950 possunt
967 1872 1032 1930 sius
1046 1883 1187 1952 poemata
1206 1873 1330 1936 aculea-

236 1968 354 2029 tissima
375 1963 414 2026 de
427 1966 616 2048 processione
630 1966 725 2026 sancti
739 1964 888 2048 Spiritus,
910 1977 942 2027 ct
961 1965 1027 2029 alia
1041 1967 1186 2032 mucram
1202 1972 1330 2035 Latinos

234 2064 424 2148 composita,
447 2083 527 2146 quae
536 2061 749 2126 Genehratdos
768 2063 844 2124 dum
856 2075 1066 2147 concuteret,
1085 2089 1127 2129 se
1140 2069 1332 2135 criminatio·

239 2182 293 2225 nes
306 2159 375 2224 illas
389 2163 526 2224 omisisse
536 2171 653 2225 narrat.
695 2162 744 2223 De
758 2161 959 2247 Pachymerto
973 2164 1056 2227 idem
1075 2177 1215 2229 constare
1226 2168 1331 2251 potest

237 2280 273 2324 er
294 2262 443 2323 adiunctis
457 2261 497 2322 ad
514 2262 683 2344 Gregoram
702 2261 859 2324 Latinum.
900 2263 949 2324 Ea
965 2268 1169 2348 samtcepita,
1192 2287 1247 2335 seu
1265 2265 1327 2333 loci

238 2384 341 2425 rerum
354 2365 500 2424 memorie
515 2354 687 2445 dignarum,
706 2362 842 2425 eoofflce
859 2362 1051 2447 Augustano,
1081 2366 1162 2429 carie
1175 2367 1326 2447 confecto,
1415 2381 1417 2385 ’

238 2472 269 2523 et
289 2460 418 2541 mutilo,
448 2480 504 2545 per
522 2460 655 2544 singulos
675 2456 773 2524 lihros
791 2467 940 2545 excerpti:
975 2467 1065 2526 carius
1080 2468 1201 2528 animus
1215 2468 1247 2528 ia
1260 2468 1324 2529 Ro·

236 2580 358 2623 manem
381 2559 537 2623 ecclesim
558 2560 657 2644 qualis
678 2561 787 2643 luerit,
811 2584 847 2623 ex
869 2566 998 2644 quinto,
1028 2575 1133 2645 serto,
1162 2577 1194 2626 et
1215 2576 1325 2627 octavo

169 2726 172 2737 ,
235 2664 425 2747 potissimum
447 2659 533 2723 libris
547 2661 791 2745 deprehenditur.
839 2663 1044 2746 Nicephorum
1058 2666 1226 2747 Gregoram
1244 2686 1323 2746 quo-

235 2785 315 2847 que,
345 2773 375 2825 et
389 2762 526 2823 Nicetam
536 2761 717 2824 Choniatam
731 2780 837 2823 comm
856 2775 1051 2825 monumenta
1064 2764 1207 2847 produnt.
1232 2765 1324 2827 Adde

235 2863 297 2925 lluc
315 2861 507 2940 cedrenum,
533 2860 680 2945 Glycam,
708 2862 939 2924 marmanum
961 2865 1151 2943 Manassem,
1178 2864 1323 2925 loannem

236 2972 267 3024 et
286 2962 449 3044 Georgium
482 2960 680 3044 Guropalatas
717 2972 747 3022 et
761 2960 857 3040 allos„
887 2966 912 3023 si
930 2982 1119 3046 qmmarnus.
1157 2962 1238 3027 Nam
1266 2983 1323 3043 per

236 3060 288 3122 illa
302 3068 439 3142 tempora
459 3070 522 3121 tam
534 3081 597 3122 non
621 3060 708 3123 facile
724 3062 928 3143 monachum,
953 3073 1007 3125 aut
1019 3064 1197 3146 scriptorem
1217 3083 1237 3122 a
1257 3060 1322 3124 Ro-

236 3178 326 3222 mana
340 3159 464 3221 ecclesia
477 3180 539 3221 non
552 3160 767 3224 ahenissimum
781 3174 847 3224 erat
858 3165 996 3226 invenire
1015 3166 1048 3225 in
1063 3164 1201 3240 Graecia,
1227 3181 1322 3243 quam

236 3260 328 3321 hodie
349 3257 470 3321 difficile
491 3271 536 3321 est
547 3272 735 3343 'praeconem
754 3263 841 3325 verbi
859 3264 940 3342 Dei,
967 3275 1021 3325 aut
1041 3262 1241 3345 professorem
1259 3259 1320 3321 Ca·

234 3358 388 3422 tholicum'
403 3362 539 3422 invenire
559 3362 592 3421 in
604 3361 742 3425 Saxonis.
783 3363 826 3424 Et
841 3363 899 3445 qui
918 3362 1041 3424 tandem
1059 3362 1124 3423 lieri
1143 3371 1259 3444 potest,
1284 3370 1322 3421 ut

234 3462 288 3544 qui
322 3446 514 3522 Patrlmchas
545 3460 891 3547 Conmndnopolitanos
925 3462 1130 3537 sehinnatim
1158 3456 1322 3542 ‘appellant

235 3562 458 3642 mncdssirnos,
480 3562 708 3640 oecumenicos,
740 3572 772 3623 et
793 3562 945 3645 principes
963 3562 1126 3640 eeclesiae,
1152 3562 1210 3643 ipsi
1237 3560 1318 3621 eius·

235 3658 306 3721 dem
331 3648 445 3721 farinae
464 3679 527 3721 non
548 3660 684 3722 luerint?
706 3661 739 3723 si
761 3682 817 3746 ego
830 3664 1003 3745 quempiam
1015 3658 1319 3744 Superintffldentem

235 3744 586 3822 sancnssimi'vocabulo
608 3757 777 3838 afficerem,
809 3760 927 3839 credo,
947 3759 1062 3842 aliqui,
1096 3763 1159 3821 imo
1179 3756 1317 3841 plurimi,

234 3876 291 3919 nec
312 3859 443 3934 iniuria,
476 3879 525 3919 me
546 3858 754 3921 Lutheranum
784 3870 837 3921 aut
860 3857 1071 3921 Calvinianum
1102 3879 1165 3920 csse
1194 3854 1317 3937 collige·

234 3967 313 4019 rent.
367 3956 469 4042 Atque
490 3971 525 4023 ut
545 3958 586 4021 ab
607 3957 756 4023 historicis
776 3959 939 4042 mmmm,
968 3971 999 4023 et
1015 3958 1055 4024 ad
1068 3956 1143 4023 alios
1156 3958 1316 4040 scriptores
