3000 4742
292 241 376 329 260
688 252 968 325 mmncvmm

147 433 285 505 λαιλυγ
295 417 447 511 στρατιάν
473 408 532 483 osis
561 407 1125 500 είκαταφρόνητονσονηθροιιιότας,
1159 403 1228 493 ἅμα
1254 409 1290 477 δέ
1314 409 1372 478 καί

267 554 270 559 ’
295 519 459 607 Τριβαλῶν
486 508 545 579 οὖν
571 504 677 596 ὄλίγην
695 513 883 594 συμμαχιαν
905 511 1126 594 ἐπαγομένους,
1158 516 1275 595 χωρεῖν
1301 513 1372 575 κατ’

258 620 396 690 casiani.
415 611 565 701 βασιλιδα
591 614 627 677 δὲ
650 609 709 695 τὴν
729 609 831 674 αὐτοῦ
850 606 988 694 γαμετὴν
1013 610 1048 674 έν
1071 606 1291 697 Διδυμοτείχιρ
1313 633 1373 701 κα·

290 719 470 787 ταλέλοιπεν
490 708 557 796 ἅμα
578 712 616 800 τῇ
643 709 744 775 adsoni
771 709 844 797 θείη
877 708 1029 805 Θεοδώρηι
1056 706 1097 793 τῇ
1126 708 1373 795 Κανιακουζηνῇ

222 804 224 809 ’
292 844 330 906 τη
348 816 405 881 του
429 812 566 896 μεγάλου
590 808 776 892 δομεστάιου
795 803 903 892 μητρί.
929 802 1089 890 γενόμενος
1109 805 1144 870 δὲ
1162 806 1197 870 έν
1215 806 1247 869 Γ
1242 801 1391 891 pacisci-5

291 939 348 982 νου
371 911 460 976 πόλει
488 911 562 997 περί
585 904 716 991 ἐκβολάς
741 907 798 990 τῆς
827 901 955 992 Θρᾴκης
981 905 1127 992 κειμένῃ,
1150 900 1249 989 Ξένην
1274 903 1374 968 αὐτοῦ

292 1014 414 1099 μητέρα
428 1007 484 1095 τήν
501 1007 648 1092 βασιλίδα
665 1002 724 1090 την
744 1006 779 1069 ἐκ
799 1004 988 1095 Βυζαντίου
999 1001 1151 1068 έπάτοδον
1170 1002 1270 1068 αυτοῦ
1284 1025 1375 1088 περι-

292 1114 450 1195 μένουσαι
466 1098 566 1191 εὗρεν.
586 1099 667 1188 αὕτη
685 1101 744 1188 γάρ
771 1099 820 1167 ἔτι
842 1102 904 1165 τῶν
924 1098 1001 1187 πρὸς
1024 1097 1176 1185 άλλὴλους
1196 1109 1263 1176 τοῖς
1279 1104 1375 1183 βασι-

295 1211 385 1274 λεῦσι
405 1202 546 1272 σπονδῶν
568 1204 688 1284 orionis,
706 1199 786 1287 πρὸς
809 1203 963 1284 βασιλέως
987 1201 1124 1288 ᾐτήσατο
1146 1203 1205 1264 τοῦ
1220 1200 1373 1284 κηδεστοῦ

295 1306 374 1394 πρὸς
399 1307 628 1388 Θεσσαλονίκην
650 1305 684 1366 έν
705 1292 974 1389 ᾦφροντιστηρίιρ
993 1297 1028 1364 τά
1052 1296 1226 1384 μοναχικδν
1248 1296 1408 1387 ἤμφιάιο

296 1430 375 1472 σατο
387 1407 497 1487 σχῆμα
516 1402 608 1468 πάλιν
623 1403 824 1466 ἐπανελθεῖν·
852 1400 908 1464 καί
927 1397 1105 1486 ἐπετράπη.
1135 1398 1179 1476 ολς
1202 1400 1238 1464 δέ
1253 1396 1372 1480 μεταξὺ

266 1503 445 1590 1)τῆςὸδοῦ
464 1501 481 1568 ὅ
499 1497 577 1586 πρὸς
593 1493 746 1584 ἀλλήλους
759 1498 823 1563 sois
836 1499 993 1580 βασιλέων
1008 1496 1143 1580 πόλεμος
1157 1494 1373 1584 άνεῤῥιπιλτθη,

297 1601 417 1684 ἔμεινεν
436 1602 470 1665 έν
484 1601 515 1664 Γ
512 1595 694 1684 ρατζιάυου,
712 1595 843 1661 δείσασα
860 1593 915 1680 τὴν
929 1596 1057 1674 άταξίαν
1074 1598 1138 1662 τῶν
1152 1590 1313 1682 ἑσπερίων.
1330 1594 1373 1673 ὥς
1421 1670 1425 1691 Ι

296 1699 358 1786 γάρ
375 1699 509 1784 ἠγγέλθη
530 1697 647 1778 αὐτοῖς,
666 1690 716 1761 ὅτι
734 1696 908 1761 διελέλυντο
930 1691 964 1758 αἱ
983 1692 1133 1777 σπονδαί,
1163 1691 1238 1770 roric
1252 1698 1298 1783 “d
1313 1696 1373 1783 νέῳ

297 1803 427 1884 βασιλεῖ
441 1798 682 1882 προσκειμένους
697 1787 803 1880 εἷρξάν
817 1817 852 1857 τε
869 1791 989 1869 πάντας
1006 1793 1060 1857 καί
1082 1789 1168 1878 εἶχον
1185 1797 1219 1860 έν
1236 1789 1410 1883 φρουρᾷ.ιὸ

297 1898 418 1984 ἡμέρας
438 1897 475 1960 δὲ
495 1894 602 1978 σ’λίγας
617 1889 685 1974 άμα
701 1896 741 1979 τῇ
757 1894 856 1977 μητρί
869 1892 1041 1977 διατρίψας
1057 1894 1174 1976 ositeri,
1202 1896 1273 1959 ἐπεί
1295 1894 1316 1978 ἦ
1340 1896 1374 1959 ἐκ

202 2009 206 2019 ’
298 1998 355 2080 τῆς
375 1990 511 2079 ἑσπέρας
537 1989 677 2076 στρατιά
690 1985 826 2076 ἠγγέλθη
855 1992 928 2077 περί
941 1990 1078 2076 Δράμαν
1100 1995 1155 2056 καί
1180 1990 1236 2076 τὴν
1259 1990 1374 2056 Φιλίπ-

300 2100 372 2174 που,
384 2089 489 2167 πόλεις
501 2086 732 2170 Μακεδονικοῖς,
745 2089 1070 2175 ἐστρατοπεδευκέναι,
1082 2092 1147 2177 θεῷ
1158 2088 1212 2154 καί
1223 2094 1261 2177 τῇ
1274 2088 1374 2156 πανά-

229 2222 233 2228 ·
300 2214 361 2280 γνιρ
374 2189 475 2255 αὐτοῦ
486 2185 586 2273 μητρί
598 2182 765 2268 εὐξάμενος
782 2185 837 2252 καί
846 2185 964 2252 θυσίαν
980 2188 1127 2264 αἰνέσεως
1141 2190 1248 2266 αὐτοῖς
1260 2187 1374 2270 θύσας,

302 2286 378 2365 τούς
391 2284 446 2351 ἐπὶ
461 2295 530 2363 ταῖς
550 2287 699 2363 σπονδαῖς
720 2287 942 2370 γεγενημένους
967 2289 1026 2351 τοῦ
1042 2290 1255 2373 πρεσβυτέρου
1280 2292 1411 2371 βασι-το

141 2384 146 2398 ’
201 2392 234 2447 V.
248 2390 381 2463 ιοολέως
399 2379 521 2470 ὅρκους,
541 2380 598 2460 osia
616 2378 711 2461 οὗτὸς
730 2376 806 2472 ᾤετο
823 2378 971 2468 εάορκεῖν,
993 2385 1151 2450 ἐκέλευσεν
1171 2384 1226 2450 ins*
1243 2388 1298 2471 τῆς
1319 2410 1376 2469 ση-

300 2488 399 2569 μαίας
419 2479 603 2562 ἀναθέντας,
624 2475 705 2546 adiu
717 2489 834 2567 χωρεῖν
853 2482 916 2546 τῶν
928 2486 1092 2564 πολεμίων.
1113 2480 1321 2568 ἐστρατήγουν
1340 2485 1376 2547 δέ

305 2583 409 2650 αὐτοῖν
439 2574 467 2662 i,
477 2603 510 2645 τε
530 2583 588 2644 τοῦ
608 2580 821 2664 πρεσβυτέρου
835 2584 995 2662 βασιλέωςΙ
1008 2576 1138 2663 άνεψιός
1152 2578 1289 2665 Ἀσάνης
1307 2585 1376 2646 Μι-

205 2697 233 2755 Ρ.
247 2679 389 2768 tollendi
409 2678 464 2744 καί
481 2677 499 2744 ὅ
518 2673 659 2763 ὕπαρχος
680 2674 873 2761 Μονομάχος
894 2676 983 2742 soii
1003 2677 1281 2765 πρατοβεστιάριος
1301 2683 1376 2743 Πα-

306 2833 425 2906 agmine,
445 2838 473 2886 ct
490 2846 549 2884 cnm
558 2829 729 2884 Tribalorum
756 2847 811 2883 non
830 2829 943 2884 modicis
961 2831 1070 2884 auxiliis
1090 2848 1118 2886 se
1134 2850 1168 2904 op
1189 2839 1315 2904 agnatum
1331 2849 1378 2887 vc·

300 2908 366 2959 nire
383 2904 563 2956 intellexerat.
600 2903 715 2953 Uxorem
728 2899 874 2971 Augustam
891 2919 952 2954 cum
972 2903 1132 2957 consobrina
1147 2848 1290 2957 Tieodoa
1309 2905 1379 2957 Cau-

306 2985 452 3035 tacuzena,
469 2974 557 3043 magni
576 2971 718 3023 domestici
737 2980 837 3035 matre,
854 2971 1040 3039 Didymotichi
1061 2975 1129 3027 telin
1169 2977 1200 3031 lt.
1236 2976 1378 3045 Postquam

306 3045 514 3127 Gratianopolin
534 3044 562 3095 in
586 3041 686 3094 linibus
712 3040 845 3097 Thraciae
863 3044 980 3111 positam
1007 3044 1111 3114 attigit,
1160 3061 1238 3098 enam
1266 3054 1379 3097 manent

307 3119 521 3186 imperatricem,
538 3129 616 3164 sunm
633 3111 761 3178 Byzantio
778 3110 894 3164 reditum
911 3113 1136 3180 praestolantem,
1162 3115 1275 3168 invenit.
1310 3104 1378 3166 Nain
1405 3130 1411 3147 ·

309 3188 455 3238 etiamnum
473 3183 588 3235 durante
603 3182 721 3244 loedere,
731 3197 751 3246 a⁵
756 3198 899 3251 prosocero
911 3184 1070 3250 imperatore
1084 3186 1270 3248 contenderat,
1279 3192 1310 3237 ut
1324 3186 1378 3236 sibi

308 3254 343 3306 ad
361 3255 554 3306 monasterium
574 3249 800 3315 Thessalonicae,
824 3252 926 3324 inquo
944 3254 1121 3305 monasticum
1142 3255 1275 3308 induisset
1297 3255 1378 3307 ha'bi·

307 3333 376 3387 tum,
394 3321 483 3374 redire
501 3323 539 3374 las
557 3327 640 3372 esset:
659 3338 713 3392 quo
732 3329 794 3374 voto
812 3322 900 3390 petita
917 3329 965 3374 est
1002 3323 1073 3374 Dum
1086 3332 1176 3377 autem
1191 3326 1378 3393 proficiscitur,

308 3393 383 3446 bello
401 3393 473 3444 inter
490 3392 662 3460 imperatores
677 3391 823 3452 concitato,
842 3390 1039 3458 Gratianopoli,
1057 3393 1264 3447 occidentalium
1277 3396 1379 3447 tumul·

309 3472 367 3525 tum
385 3470 413 3514 et
429 3460 601 3513 insolentiam
618 3466 758 3523 metuens,
781 3460 911 3535 substitit
949 3461 1045 3513 Statim
1070 3466 1243 3537 animatque
1267 3465 1379 3518 nuntia·

308 3543 367 3587 tum
385 3539 435 3593 cst,
453 3529 548 3583 foedus
566 3531 688 3598 periisse,
709 3536 844 3600 quotquot
859 3529 939 3581 rebus
959 3531 1073 3584 iunioris
1091 3534 1161 3587 bene
1180 3536 1327 3604 cupiebant
1350 3537 1380 3588 in

309 3602 459 3657 custodiam
486 3599 543 3652 dati
567 3607 640 3656 sunt.
683 3599 776 3652 Paucis
795 3615 874 3666 porro
899 3599 995 3652 dicbus
1020 3620 1080 3654 cum
1106 3613 1189 3658 matre
1206 3607 1380 3674 consumptis,

309 3673 359 3726 ubi
383 3670 496 3723 nuntius
521 3669 619 3722 allatus
645 3676 701 3731 est,
726 3669 874 3720 exercitum
901 3668 1095 3725 occidentalem
1122 3675 1190 3727 circa
1211 3676 1334 3728 Dramam
1353 3683 1380 3727 et
1460 3664 1465 3673 ’

308 3743 460 3810 Philippos,
469 3738 646 3791 Macedoniae
663 3736 774 3806 oppida,
793 3739 984 3802 castrametari,
1006 3743 1093 3793 Deum
1110 3746 1168 3797 sius
1208 3754 1379 3815 epnrentcra

310 3814 483 3866 castissimam
500 3816 683 3878 comprecatus
698 3816 726 3859 et
736 3809 895 3860 sacrificinm
913 3809 999 3863 laudis
1015 3811 1112 3865 iisdem
1122 3832 1179 3868 sacr
1191 3816 1282 3878 ficana,
1301 3815 1379 3868 iussit
1477 3842 1478 3873 ς

311 3881 511 3944 iusiurandum,
537 3878 611 3951 qnod
628 3894 692 3930 avua
716 3877 744 3928 iu
766 3878 875 3931 loedere
893 3880 1037 3934 sanciendo
1058 3885 1159 3937 iurarat
1184 3893 1212 3938 et
1228 3902 1333 3945 seruarc
1349 3900 1379 3937 se

309 3953 438 4022 putabat,
457 3953 486 4004 in
504 3949 604 4002 vexillo
621 3946 768 4017 suspendi,
794 3956 823 4001 et
840 3958 913 4002 resta
930 3950 959 4002 in
975 3949 1067 4004 hostes
1084 3955 1247 4022 procedere,
1265 3971 1378 4026 quorum

311 4024 393 4076 duces
409 4022 580 4092 imperatoris
597 4019 712 4072 senioris
736 4034 770 4070 ex
791 4035 883 4072 sorore
900 4020 972 4072 filius
995 4020 1112 4075 Michael
1128 4023 1243 4086 dsauos,
1274 4032 1303 4078 et
1318 4025 1378 4077 Μο·

309 4091 456 4148 nonachus
473 4091 634 4160 praefectus,
655 4095 684 4141 et
705 4086 874 4142 Andronicus
891 4090 1064 4161 Palaeologus
1104 4097 1322 4159 rotovestiarina,
1348 4109 1378 4145 ac
1476 4128 1477 4131 =

309 4171 373 4235 post
388 4179 435 4217 eoa
452 4161 607 4215 Demetrius
624 4158 753 4230 despota,
774 4160 945 4230 imperatoris
967 4160 1056 4229 filius,
1081 4108 1253 4219 drlbalomm
1276 4164 1378 4219 duodc-
1476 4168 1477 4185 ¹
