<?xml version="1.0" encoding="UTF-8"?>
<!DOCTYPE html PUBLIC "-//W3C//DTD XHTML 1.0 Transitional//EN"
    "http://www.w3.org/TR/xhtml1/DTD/xhtml1-transitional.dtd">
<html xmlns="http://www.w3.org/1999/xhtml" xml:lang="en" lang="en">
 <head>
  <title>
</title>
<meta http-equiv="Content-Type" content="text/html;charset=utf-8" />
  <meta name='ocr-system' content='tesseract 3.04.00' />
  <meta name='ocr-capabilities' content='ocr_page ocr_carea ocr_par ocr_line ocrx_word'/>
</head>
<body>
  <div class='ocr_page' id='page_1' title='image "./ioanniscantacuz01joangoog_0024.png"; bbox 0 0 3000 4742; ppageno 0'>
   <div class='ocr_carea' id='block_1_1' title="bbox 226 252 880 350">
    <p class='ocr_par' dir='ltr' id='par_1_1' title="bbox 226 252 880 350">
     <span class='ocr_line' id='line_1_1' title="bbox 226 252 880 350; baseline -0.018 -1"><span class='ocrx_word' id='word_1_1' title='bbox 226 252 281 350; x_wconf 78' lang='lat' dir='ltr'><strong>riu</strong></span> <span class='ocrx_word' id='word_1_2' title='bbox 650 277 674 338; x_wconf 85' lang='grc' dir='ltr'><strong>ι.</strong></span> <span class='ocrx_word' id='word_1_3' title='bbox 704 273 880 341; x_wconf 77' lang='lat' dir='ltr'><strong>commi</strong></span> 
     </span>
    </p>
   </div>
   <div class='ocr_carea' id='block_1_2' title="bbox 182 442 1308 4219">
    <p class='ocr_par' dir='ltr' id='par_1_2' title="bbox 224 442 1302 629">
     <span class='ocr_line' id='line_1_2' title="bbox 225 442 1302 534; baseline -0.001 -19"><span class='ocrx_word' id='word_1_4' title='bbox 225 453 315 531; x_wconf 87' lang='lat' dir='ltr'><strong>cula,</strong></span> <span class='ocrx_word' id='word_1_5' title='bbox 343 457 466 533; x_wconf 86' lang='lat' dir='ltr'><strong>propter</strong></span> <span class='ocrx_word' id='word_1_6' title='bbox 485 442 656 508; x_wconf 74' lang='lat' dir='ltr'><strong>facilitatem</strong></span> <span class='ocrx_word' id='word_1_7' title='bbox 676 445 829 528; x_wconf 84' lang='lat' dir='ltr'><strong>quandam</strong></span> <span class='ocrx_word' id='word_1_8' title='bbox 850 447 913 506; x_wconf 87' lang='lat' dir='ltr'><strong>eius</strong></span> <span class='ocrx_word' id='word_1_9' title='bbox 930 446 962 507; x_wconf 89' lang='lat' dir='ltr'><strong>in</strong></span> <span class='ocrx_word' id='word_1_10' title='bbox 982 444 1140 510; x_wconf 82' lang='lat' dir='ltr'><strong>scribendo</strong></span> <span class='ocrx_word' id='word_1_11' title='bbox 1157 463 1302 534; x_wconf 88' lang='lat' dir='ltr'><strong>opportu-</strong></span> 
     </span>
     <span class='ocr_line' id='line_1_3' title="bbox 224 548 642 629; baseline -0.026 -13"><span class='ocrx_word' id='word_1_12' title='bbox 224 555 294 616; x_wconf 89' lang='lat' dir='ltr'><strong>nius</strong></span> <span class='ocrx_word' id='word_1_13' title='bbox 313 551 445 612; x_wconf 87' lang='lat' dir='ltr'><strong>nancisci</strong></span> <span class='ocrx_word' id='word_1_14' title='bbox 468 548 642 629; x_wconf 85' lang='lat' dir='ltr'><strong>potuissem.</strong></span> 
     </span>
    </p>

    <p class='ocr_par' dir='ltr' id='par_1_3' title="bbox 182 644 1308 4219">
     <span class='ocr_line' id='line_1_4' title="bbox 305 644 1303 723; baseline -0.002 -12"><span class='ocrx_word' id='word_1_15' title='bbox 305 650 354 712; x_wconf 89' lang='lat' dir='ltr'><strong>Sic</strong></span> <span class='ocrx_word' id='word_1_16' title='bbox 374 648 497 709; x_wconf 89' lang='lat' dir='ltr'><strong>omnino</strong></span> <span class='ocrx_word' id='word_1_17' title='bbox 518 656 582 723; x_wconf 86' lang='lat' dir='ltr'><strong>est,</strong></span> <span class='ocrx_word' id='word_1_18' title='bbox 612 655 647 707; x_wconf 91' lang='lat' dir='ltr'><strong>ut</strong></span> <span class='ocrx_word' id='word_1_19' title='bbox 662 645 742 721; x_wconf 76' lang='lat' dir='ltr'><strong>diri,</strong></span> <span class='ocrx_word' id='word_1_20' title='bbox 775 646 807 705; x_wconf 91' lang='lat' dir='ltr'><strong>in</strong></span> <span class='ocrx_word' id='word_1_21' title='bbox 824 644 968 706; x_wconf 87' lang='lat' dir='ltr'><strong>loannem</strong></span> <span class='ocrx_word' id='word_1_22' title='bbox 989 646 1230 708; x_wconf 79' lang='lat' dir='ltr'><strong>Contactuenum</strong></span> <span class='ocrx_word' id='word_1_23' title='bbox 1256 652 1303 710; x_wconf 90' lang='lat' dir='ltr'><strong>in-</strong></span> 
     </span>
     <span class='ocr_line' id='line_1_5' title="bbox 224 743 1301 832; baseline -0.004 -19"><span class='ocrx_word' id='word_1_24' title='bbox 224 749 303 814; x_wconf 84' lang='lat' dir='ltr'><strong>cidi:</strong></span> <span class='ocrx_word' id='word_1_25' title='bbox 331 751 383 832; x_wconf 89' lang='lat' dir='ltr'><strong>qui</strong></span> <span class='ocrx_word' id='word_1_26' title='bbox 402 747 525 830; x_wconf 89' lang='lat' dir='ltr'><strong>quidem</strong></span> <span class='ocrx_word' id='word_1_27' title='bbox 544 765 605 828; x_wconf 91' lang='lat' dir='ltr'><strong>quo</strong></span> <span class='ocrx_word' id='word_1_28' title='bbox 624 744 812 807; x_wconf 83' lang='lat' dir='ltr'><strong>commodius</strong></span> <span class='ocrx_word' id='word_1_29' title='bbox 832 744 922 806; x_wconf 89' lang='lat' dir='ltr'><strong>huius</strong></span> <span class='ocrx_word' id='word_1_30' title='bbox 945 743 1015 806; x_wconf 80' lang='lat' dir='ltr'>libri</span> <span class='ocrx_word' id='word_1_31' title='bbox 1036 748 1082 807; x_wconf 91' lang='lat' dir='ltr'><strong>sui</strong></span> <span class='ocrx_word' id='word_1_32' title='bbox 1102 750 1301 828; x_wconf 77' lang='lat' dir='ltr'><strong>occasionem,</strong></span> 
     </span>
     <span class='ocr_line' id='line_1_6' title="bbox 224 830 1304 929; baseline -0.004 -16"><span class='ocrx_word' id='word_1_33' title='bbox 224 869 402 929; x_wconf 76' lang='lat' dir='ltr'><strong>caussasque</strong></span> <span class='ocrx_word' id='word_1_34' title='bbox 426 844 566 923; x_wconf 79' lang='lat' dir='ltr'><strong>afferret,</strong></span> <span class='ocrx_word' id='word_1_35' title='bbox 605 855 635 906; x_wconf 88' lang='lat' dir='ltr'><strong>et</strong></span> <span class='ocrx_word' id='word_1_36' title='bbox 655 864 815 926; x_wconf 87' lang='lat' dir='ltr'><strong>personam</strong></span> <span class='ocrx_word' id='word_1_37' title='bbox 841 866 926 906; x_wconf 90' lang='lat' dir='ltr'><strong>suam</strong></span> <span class='ocrx_word' id='word_1_38' title='bbox 950 840 1061 907; x_wconf 75' lang='lat' dir='ltr'><strong>celaret</strong></span> <span class='ocrx_word' id='word_1_39' title='bbox 1087 846 1178 928; x_wconf 86' lang='lat' dir='ltr'><strong>(quod</strong></span> <span class='ocrx_word' id='word_1_40' title='bbox 1202 830 1304 909; x_wconf 65' lang='lat' dir='ltr'><strong>lamen</strong></span> 
     </span>
     <span class='ocr_line' id='line_1_7' title="bbox 225 943 1302 1028; baseline -0.001 -17"><span class='ocrx_word' id='word_1_41' title='bbox 225 946 308 1013; x_wconf 84' lang='lat' dir='ltr'><strong>baud</strong></span> <span class='ocrx_word' id='word_1_42' title='bbox 327 949 397 1009; x_wconf 83' lang='lat' dir='ltr'><strong>satis</strong></span> <span class='ocrx_word' id='word_1_43' title='bbox 420 956 507 1007; x_wconf 88' lang='lat' dir='ltr'><strong>caute</strong></span> <span class='ocrx_word' id='word_1_44' title='bbox 527 944 616 1024; x_wconf 89' lang='lat' dir='ltr'><strong>fecit,</strong></span> <span class='ocrx_word' id='word_1_45' title='bbox 641 955 675 1004; x_wconf 88' lang='lat' dir='ltr'><strong>ut</strong></span> <span class='ocrx_word' id='word_1_46' title='bbox 696 963 765 1003; x_wconf 88' lang='lat' dir='ltr'><strong>mox</strong></span> <span class='ocrx_word' id='word_1_47' title='bbox 784 943 908 1022; x_wconf 86' lang='lat' dir='ltr'><strong>docebo)</strong></span> <span class='ocrx_word' id='word_1_48' title='bbox 928 944 1013 1026; x_wconf 84' lang='lat' dir='ltr'><strong>fingit</strong></span> <span class='ocrx_word' id='word_1_49' title='bbox 1035 967 1054 1005; x_wconf 91' lang='lat' dir='ltr'><strong>a</strong></span> <span class='ocrx_word' id='word_1_50' title='bbox 1077 946 1208 1028; x_wconf 86' lang='lat' dir='ltr'><strong>quodam</strong></span> <span class='ocrx_word' id='word_1_51' title='bbox 1231 947 1302 1011; x_wconf 89' lang='lat' dir='ltr'><strong>Nilo</strong></span> 
     </span>
     <span class='ocr_line' id='line_1_8' title="bbox 224 1043 1303 1128; baseline -0.002 -18"><span class='ocrx_word' id='word_1_52' title='bbox 224 1046 366 1110; x_wconf 77' lang='lat' dir='ltr'><strong>familiari</strong></span> <span class='ocrx_word' id='word_1_53' title='bbox 382 1066 415 1108; x_wconf 87' lang='lat' dir='ltr'><strong>se</strong></span> <span class='ocrx_word' id='word_1_54' title='bbox 434 1045 474 1109; x_wconf 88' lang='lat' dir='ltr'><strong>ad</strong></span> <span class='ocrx_word' id='word_1_55' title='bbox 496 1047 689 1128; x_wconf 83' lang='lat' dir='ltr'><strong>scriptionem</strong></span> <span class='ocrx_word' id='word_1_56' title='bbox 710 1065 765 1126; x_wconf 85' lang='lat' dir='ltr'><strong>per</strong></span> <span class='ocrx_word' id='word_1_57' title='bbox 786 1043 901 1106; x_wconf 84' lang='lat' dir='ltr'><strong>litteras</strong></span> <span class='ocrx_word' id='word_1_58' title='bbox 916 1043 1090 1106; x_wconf 86' lang='lat' dir='ltr'><strong>sollicitari:</strong></span> <span class='ocrx_word' id='word_1_59' title='bbox 1119 1068 1155 1107; x_wconf 91' lang='lat' dir='ltr'><strong>ac</strong></span> <span class='ocrx_word' id='word_1_60' title='bbox 1171 1047 1227 1108; x_wconf 90' lang='lat' dir='ltr'><strong>sibi</strong></span> <span class='ocrx_word' id='word_1_61' title='bbox 1248 1068 1303 1108; x_wconf 87' lang='lat' dir='ltr'><strong>vo·</strong></span> 
     </span>
     <span class='ocr_line' id='line_1_9' title="bbox 224 1143 1304 1228; baseline -0.002 -19"><span class='ocrx_word' id='word_1_62' title='bbox 224 1146 367 1209; x_wconf 88' lang='lat' dir='ltr'><strong>cabulum</strong></span> <span class='ocrx_word' id='word_1_63' title='bbox 392 1143 577 1207; x_wconf 82' lang='lat' dir='ltr'><strong>Christoduli</strong></span> <span class='ocrx_word' id='word_1_64' title='bbox 601 1145 741 1226; x_wconf 85' lang='lat' dir='ltr'><strong>imponit.</strong></span> <span class='ocrx_word' id='word_1_65' title='bbox 794 1144 940 1206; x_wconf 87' lang='lat' dir='ltr'><strong>Idoneum</strong></span> <span class='ocrx_word' id='word_1_66' title='bbox 964 1144 1117 1226; x_wconf 86' lang='lat' dir='ltr'><strong>profecto,</strong></span> <span class='ocrx_word' id='word_1_67' title='bbox 1156 1167 1304 1228; x_wconf 89' lang='lat' dir='ltr'><strong>nempea</strong></span> 
     </span>
     <span class='ocr_line' id='line_1_10' title="bbox 226 1230 1304 1329; baseline -0.002 -21"><span class='ocrx_word' id='word_1_68' title='bbox 226 1257 306 1308; x_wconf 80' lang='lat' dir='ltr'><strong>statu</strong></span> <span class='ocrx_word' id='word_1_69' title='bbox 342 1257 373 1308; x_wconf 85' lang='lat' dir='ltr'><strong>et</strong></span> <span class='ocrx_word' id='word_1_70' title='bbox 395 1246 567 1308; x_wconf 81' lang='lat' dir='ltr'><strong>conditione</strong></span> <span class='ocrx_word' id='word_1_71' title='bbox 598 1245 696 1324; x_wconf 84' lang='lat' dir='ltr'><strong>vitae,</strong></span> <span class='ocrx_word' id='word_1_72' title='bbox 724 1263 816 1326; x_wconf 87' lang='lat' dir='ltr'><strong>quam</strong></span> <span class='ocrx_word' id='word_1_73' title='bbox 830 1244 905 1304; x_wconf 91' lang='lat' dir='ltr'><strong>baec</strong></span> <span class='ocrx_word' id='word_1_74' title='bbox 921 1245 1054 1306; x_wconf 86' lang='lat' dir='ltr'><strong>scribens</strong></span> <span class='ocrx_word' id='word_1_75' title='bbox 1071 1230 1202 1327; x_wconf 78' lang='lat' dir='ltr'><strong>agebatz</strong></span> <span class='ocrx_word' id='word_1_76' title='bbox 1234 1266 1304 1329; x_wconf 82' lang='lat' dir='ltr'><strong>age·</strong></span> 
     </span>
     <span class='ocr_line' id='line_1_11' title="bbox 224 1344 1304 1424; baseline -0.001 -16"><span class='ocrx_word' id='word_1_77' title='bbox 224 1345 279 1408; x_wconf 90' lang='lat' dir='ltr'><strong>bat</strong></span> <span class='ocrx_word' id='word_1_78' title='bbox 292 1356 393 1410; x_wconf 90' lang='lat' dir='ltr'><strong>autem</strong></span> <span class='ocrx_word' id='word_1_79' title='bbox 409 1348 625 1412; x_wconf 77' lang='lat' dir='ltr'><strong>monasticum:</strong></span> <span class='ocrx_word' id='word_1_80' title='bbox 655 1355 686 1407; x_wconf 86' lang='lat' dir='ltr'><strong>at</strong></span> <span class='ocrx_word' id='word_1_81' title='bbox 708 1344 830 1406; x_wconf 88' lang='lat' dir='ltr'><strong>Christo</strong></span> <span class='ocrx_word' id='word_1_82' title='bbox 852 1346 1004 1424; x_wconf 71' lang='lat' dir='ltr'><strong>seruiens,</strong></span> <span class='ocrx_word' id='word_1_83' title='bbox 1032 1347 1139 1406; x_wconf 85' lang='lat' dir='ltr'><strong>merito</strong></span> <span class='ocrx_word' id='word_1_84' title='bbox 1155 1347 1219 1407; x_wconf 88' lang='lat' dir='ltr'><strong>eius</strong></span> <span class='ocrx_word' id='word_1_85' title='bbox 1240 1367 1304 1407; x_wconf 87' lang='lat' dir='ltr'><strong>ser·</strong></span> 
     </span>
     <span class='ocr_line' id='line_1_12' title="bbox 224 1444 1304 1528; baseline -0.003 -20"><span class='ocrx_word' id='word_1_86' title='bbox 224 1465 299 1508; x_wconf 82' lang='lat' dir='ltr'><strong>vum</strong></span> <span class='ocrx_word' id='word_1_87' title='bbox 317 1466 350 1508; x_wconf 84' lang='lat' dir='ltr'><strong>ae</strong></span> <span class='ocrx_word' id='word_1_88' title='bbox 367 1445 541 1528; x_wconf 81' lang='lat' dir='ltr'><strong>appellavit.</strong></span> <span class='ocrx_word' id='word_1_89' title='bbox 572 1444 734 1506; x_wconf 84' lang='lat' dir='ltr'><strong>Occultare</strong></span> <span class='ocrx_word' id='word_1_90' title='bbox 748 1465 852 1526; x_wconf 84' lang='lat' dir='ltr'><strong>porro,</strong></span> <span class='ocrx_word' id='word_1_91' title='bbox 875 1456 906 1506; x_wconf 90' lang='lat' dir='ltr'><strong>et</strong></span> <span class='ocrx_word' id='word_1_92' title='bbox 924 1455 1025 1528; x_wconf 82' lang='lat' dir='ltr'><strong>tegere</strong></span> <span class='ocrx_word' id='word_1_93' title='bbox 1041 1465 1200 1526; x_wconf 87' lang='lat' dir='ltr'><strong>personam</strong></span> <span class='ocrx_word' id='word_1_94' title='bbox 1219 1465 1304 1505; x_wconf 89' lang='lat' dir='ltr'><strong>suam</strong></span> 
     </span>
     <span class='ocr_line' id='line_1_13' title="bbox 223 1543 1303 1628; baseline -0.004 -19"><span class='ocrx_word' id='word_1_95' title='bbox 223 1544 293 1609; x_wconf 84' lang='lat' dir='ltr'><strong>ideo</strong></span> <span class='ocrx_word' id='word_1_96' title='bbox 314 1544 431 1625; x_wconf 88' lang='lat' dir='ltr'><strong>voluit,</strong></span> <span class='ocrx_word' id='word_1_97' title='bbox 466 1545 557 1628; x_wconf 82' lang='lat' dir='ltr'><strong>idque</strong></span> <span class='ocrx_word' id='word_1_98' title='bbox 582 1543 767 1628; x_wconf 80' lang='lat' dir='ltr'><strong>prudenter,</strong></span> <span class='ocrx_word' id='word_1_99' title='bbox 803 1544 885 1626; x_wconf 88' lang='lat' dir='ltr'><strong>quod</strong></span> <span class='ocrx_word' id='word_1_100' title='bbox 910 1544 949 1609; x_wconf 87' lang='lat' dir='ltr'><strong>de</strong></span> <span class='ocrx_word' id='word_1_101' title='bbox 975 1544 1065 1605; x_wconf 84' lang='lat' dir='ltr'><strong>rebus</strong></span> <span class='ocrx_word' id='word_1_102' title='bbox 1089 1565 1159 1607; x_wconf 91' lang='lat' dir='ltr'><strong>cum</strong></span> <span class='ocrx_word' id='word_1_103' title='bbox 1186 1544 1303 1622; x_wconf 84' lang='lat' dir='ltr'><strong>alienis,</strong></span> 
     </span>
     <span class='ocr_line' id='line_1_14' title="bbox 221 1643 1303 1727; baseline -0.002 -21"><span class='ocrx_word' id='word_1_104' title='bbox 221 1654 289 1705; x_wconf 86' lang='lat' dir='ltr'><strong>tum</strong></span> <span class='ocrx_word' id='word_1_105' title='bbox 306 1646 368 1706; x_wconf 88' lang='lat' dir='ltr'><strong>suis</strong></span> <span class='ocrx_word' id='word_1_106' title='bbox 387 1644 543 1706; x_wconf 80' lang='lat' dir='ltr'><strong>historiam</strong></span> <span class='ocrx_word' id='word_1_107' title='bbox 558 1646 779 1727; x_wconf 85' lang='lat' dir='ltr'><strong>compositurus</strong></span> <span class='ocrx_word' id='word_1_108' title='bbox 802 1655 886 1720; x_wconf 83' lang='lat' dir='ltr'><strong>erat,</strong></span> <span class='ocrx_word' id='word_1_109' title='bbox 915 1654 945 1705; x_wconf 87' lang='lat' dir='ltr'><strong>et</strong></span> <span class='ocrx_word' id='word_1_110' title='bbox 965 1655 1142 1707; x_wconf 85' lang='lat' dir='ltr'><strong>narraturus</strong></span> <span class='ocrx_word' id='word_1_111' title='bbox 1160 1643 1303 1727; x_wconf 86' lang='lat' dir='ltr'><strong>plurima,</strong></span> 
     </span>
     <span class='ocr_line' id='line_1_15' title="bbox 222 1734 1305 1826; baseline -0.001 -21"><span class='ocrx_word' id='word_1_112' title='bbox 222 1744 334 1826; x_wconf 86' lang='lat' dir='ltr'><strong>quibus</strong></span> <span class='ocrx_word' id='word_1_113' title='bbox 351 1734 508 1809; x_wconf 82' lang='lat' dir='ltr'><strong>audiendis</strong></span> <span class='ocrx_word' id='word_1_114' title='bbox 522 1763 610 1803; x_wconf 81' lang='lat' dir='ltr'><strong>aures</strong></span> <span class='ocrx_word' id='word_1_115' title='bbox 627 1741 810 1823; x_wconf 84' lang='lat' dir='ltr'><strong>quibusdam</strong></span> <span class='ocrx_word' id='word_1_116' title='bbox 829 1740 986 1819; x_wconf 87' lang='lat' dir='ltr'><strong>dolerent,</strong></span> <span class='ocrx_word' id='word_1_117' title='bbox 1011 1754 1046 1804; x_wconf 89' lang='lat' dir='ltr'><strong>ut</strong></span> <span class='ocrx_word' id='word_1_118' title='bbox 1061 1755 1150 1805; x_wconf 87' lang='lat' dir='ltr'><strong>antea</strong></span> <span class='ocrx_word' id='word_1_119' title='bbox 1167 1743 1305 1809; x_wconf 82' lang='lat' dir='ltr'><strong>videndis</strong></span> 
     </span>
     <span class='ocr_line' id='line_1_16' title="bbox 222 1838 1304 1923; baseline 0 -18"><span class='ocrx_word' id='word_1_120' title='bbox 222 1843 304 1905; x_wconf 89' lang='lat' dir='ltr'><strong>oculi</strong></span> <span class='ocrx_word' id='word_1_121' title='bbox 320 1844 490 1906; x_wconf 85' lang='lat' dir='ltr'><strong>doluerant.</strong></span> <span class='ocrx_word' id='word_1_122' title='bbox 530 1842 588 1908; x_wconf 87' lang='lat' dir='ltr'><strong>Est</strong></span> <span class='ocrx_word' id='word_1_123' title='bbox 609 1864 684 1903; x_wconf 85' lang='lat' dir='ltr'><strong>vcro</strong></span> <span class='ocrx_word' id='word_1_124' title='bbox 699 1844 771 1903; x_wconf 82' lang='lat' dir='ltr'><strong>tam&#39;</strong></span> <span class='ocrx_word' id='word_1_125' title='bbox 781 1838 952 1923; x_wconf 78' lang='lat' dir='ltr'><strong>infrequens</strong></span> <span class='ocrx_word' id='word_1_126' title='bbox 967 1843 1089 1904; x_wconf 85' lang='lat' dir='ltr'><strong>Graecis</strong></span> <span class='ocrx_word' id='word_1_127' title='bbox 1104 1845 1164 1905; x_wconf 91' lang='lat' dir='ltr'><strong>hoc</strong></span> <span class='ocrx_word' id='word_1_128' title='bbox 1180 1864 1304 1921; x_wconf 90' lang='lat' dir='ltr'><strong>nomen,</strong></span> 
     </span>
     <span class='ocr_line' id='line_1_17' title="bbox 222 1940 1306 2024; baseline -0.002 -19"><span class='ocrx_word' id='word_1_129' title='bbox 222 1942 455 2022; x_wconf 77' lang='lat' dir='ltr'><strong>christodolus,</strong></span> <span class='ocrx_word' id='word_1_130' title='bbox 476 1952 511 2004; x_wconf 89' lang='lat' dir='ltr'><strong>ut</strong></span> <span class='ocrx_word' id='word_1_131' title='bbox 527 1941 578 2005; x_wconf 87' lang='lat' dir='ltr'><strong>vel</strong></span> <span class='ocrx_word' id='word_1_132' title='bbox 597 1941 669 2003; x_wconf 86' lang='lat' dir='ltr'><strong>hine</strong></span> <span class='ocrx_word' id='word_1_133' title='bbox 690 1943 748 2002; x_wconf 89' lang='lat' dir='ltr'><strong>isto</strong></span> <span class='ocrx_word' id='word_1_134' title='bbox 769 1940 836 2002; x_wconf 88' lang='lat' dir='ltr'><strong>loco</strong></span> <span class='ocrx_word' id='word_1_135' title='bbox 859 1941 997 2000; x_wconf 87' lang='lat' dir='ltr'><strong>fictitium</strong></span> <span class='ocrx_word' id='word_1_136' title='bbox 1018 1963 1052 2002; x_wconf 87' lang='lat' dir='ltr'><strong>ac</strong></span> <span class='ocrx_word' id='word_1_137' title='bbox 1081 1944 1306 2024; x_wconf 89' lang='lat' dir='ltr'><strong>supposititium</strong></span> 
     </span>
     <span class='ocr_line' id='line_1_18' title="bbox 221 2040 1306 2126; baseline 0 -24"><span class='ocrx_word' id='word_1_138' title='bbox 221 2053 377 2124; x_wconf 84' lang='lat' dir='ltr'><strong>appareat.</strong></span> <span class='ocrx_word' id='word_1_139' title='bbox 424 2043 562 2126; x_wconf 87' lang='lat' dir='ltr'><strong>Cumque</strong></span> <span class='ocrx_word' id='word_1_140' title='bbox 583 2040 690 2124; x_wconf 86' lang='lat' dir='ltr'><strong>perid</strong></span> <span class='ocrx_word' id='word_1_141' title='bbox 714 2051 834 2122; x_wconf 83' lang='lat' dir='ltr'><strong>tempus</strong></span> <span class='ocrx_word' id='word_1_142' title='bbox 855 2043 888 2100; x_wconf 90' lang='lat' dir='ltr'><strong>in</strong></span> <span class='ocrx_word' id='word_1_143' title='bbox 913 2044 1094 2102; x_wconf 87' lang='lat' dir='ltr'><strong>monasterio</strong></span> <span class='ocrx_word' id='word_1_144' title='bbox 1114 2062 1172 2122; x_wconf 84' lang='lat' dir='ltr'><strong>pro</strong></span> <span class='ocrx_word' id='word_1_145' title='bbox 1193 2043 1306 2102; x_wconf 88' lang='lat' dir='ltr'><strong>loanne</strong></span> 
     </span>
     <span class='ocr_line' id='line_1_19' title="bbox 224 2140 1305 2224; baseline -0.002 -22"><span class='ocrx_word' id='word_1_146' title='bbox 224 2143 316 2203; x_wconf 85' lang='lat' dir='ltr'><strong>ctiam</strong></span> <span class='ocrx_word' id='word_1_147' title='bbox 345 2142 508 2224; x_wconf 87' lang='lat' dir='ltr'><strong>loasaphus</strong></span> <span class='ocrx_word' id='word_1_148' title='bbox 528 2153 644 2203; x_wconf 88' lang='lat' dir='ltr'><strong>mutato</strong></span> <span class='ocrx_word' id='word_1_149' title='bbox 671 2143 794 2202; x_wconf 88' lang='lat' dir='ltr'><strong>nomine</strong></span> <span class='ocrx_word' id='word_1_150' title='bbox 827 2140 999 2218; x_wconf 84' lang='lat' dir='ltr'><strong>diceretur,</strong></span> <span class='ocrx_word' id='word_1_151' title='bbox 1037 2142 1114 2201; x_wconf 79' lang='lat' dir='ltr'><strong>sictu</strong></span> <span class='ocrx_word' id='word_1_152' title='bbox 1137 2161 1200 2204; x_wconf 90' lang='lat' dir='ltr'><strong>non</strong></span> <span class='ocrx_word' id='word_1_153' title='bbox 1226 2141 1305 2201; x_wconf 87' lang='lat' dir='ltr'><strong>anti-</strong></span> 
     </span>
     <span class='ocr_line' id='line_1_20' title="bbox 223 2242 1304 2324; baseline 0.001 -24"><span class='ocrx_word' id='word_1_154' title='bbox 223 2260 320 2323; x_wconf 88' lang='lat' dir='ltr'><strong>quum</strong></span> <span class='ocrx_word' id='word_1_155' title='bbox 347 2252 378 2302; x_wconf 90' lang='lat' dir='ltr'><strong>et</strong></span> <span class='ocrx_word' id='word_1_156' title='bbox 398 2243 574 2324; x_wconf 87' lang='lat' dir='ltr'><strong>proprium,</strong></span> <span class='ocrx_word' id='word_1_157' title='bbox 611 2243 654 2302; x_wconf 89' lang='lat' dir='ltr'><strong>ita</strong></span> <span class='ocrx_word' id='word_1_158' title='bbox 674 2262 732 2301; x_wconf 90' lang='lat' dir='ltr'><strong>nec</strong></span> <span class='ocrx_word' id='word_1_159' title='bbox 758 2261 873 2305; x_wconf 87' lang='lat' dir='ltr'><strong>novum</strong></span> <span class='ocrx_word' id='word_1_160' title='bbox 906 2242 983 2303; x_wconf 86' lang='lat' dir='ltr'><strong>istuc</strong></span> <span class='ocrx_word' id='word_1_161' title='bbox 1012 2250 1043 2300; x_wconf 91' lang='lat' dir='ltr'><strong>ct</strong></span> <span class='ocrx_word' id='word_1_162' title='bbox 1070 2243 1304 2322; x_wconf 86' lang='lat' dir='ltr'><strong>assumptitium,</strong></span> 
     </span>
     <span class='ocr_line' id='line_1_21' title="bbox 223 2337 1307 2423; baseline 0.002 -24"><span class='ocrx_word' id='word_1_163' title='bbox 223 2337 390 2420; x_wconf 82' lang='lat' dir='ltr'><strong>lousaphus</strong></span> <span class='ocrx_word' id='word_1_164' title='bbox 415 2342 560 2423; x_wconf 89' lang='lat' dir='ltr'><strong>inquam,</strong></span> <span class='ocrx_word' id='word_1_165' title='bbox 597 2342 636 2402; x_wconf 85' lang='lat' dir='ltr'><strong>od</strong></span> <span class='ocrx_word' id='word_1_166' title='bbox 660 2340 730 2402; x_wconf 87' lang='lat' dir='ltr'><strong>libri</strong></span> <span class='ocrx_word' id='word_1_167' title='bbox 760 2351 913 2401; x_wconf 81' lang='lat' dir='ltr'><strong>auctorem</strong></span> <span class='ocrx_word' id='word_1_168' title='bbox 941 2338 1134 2403; x_wconf 84' lang='lat' dir='ltr'><strong>indicandum</strong></span> <span class='ocrx_word' id='word_1_169' title='bbox 1159 2362 1307 2423; x_wconf 91' lang='lat' dir='ltr'><strong>usurpare</strong></span> 
     </span>
     <span class='ocr_line' id='line_1_22' title="bbox 224 2436 1306 2523; baseline -0.001 -21"><span class='ocrx_word' id='word_1_170' title='bbox 224 2436 343 2502; x_wconf 84' lang='lat' dir='ltr'><strong>decuit:</strong></span> <span class='ocrx_word' id='word_1_171' title='bbox 375 2462 415 2501; x_wconf 91' lang='lat' dir='ltr'><strong>ne</strong></span> <span class='ocrx_word' id='word_1_172' title='bbox 436 2442 602 2509; x_wconf 84' lang='lat' dir='ltr'><strong>monachus</strong></span> <span class='ocrx_word' id='word_1_173' title='bbox 626 2443 748 2507; x_wconf 86' lang='lat' dir='ltr'><strong>inanem</strong></span> <span class='ocrx_word' id='word_1_174' title='bbox 773 2443 918 2523; x_wconf 87' lang='lat' dir='ltr'><strong>aucupari</strong></span> <span class='ocrx_word' id='word_1_175' title='bbox 942 2440 1092 2523; x_wconf 84' lang='lat' dir='ltr'><strong>gloriam,</strong></span> <span class='ocrx_word' id='word_1_176' title='bbox 1127 2451 1157 2501; x_wconf 88' lang='lat' dir='ltr'><strong>et</strong></span> <span class='ocrx_word' id='word_1_177' title='bbox 1171 2443 1223 2522; x_wconf 91' lang='lat' dir='ltr'><strong>qui</strong></span> <span class='ocrx_word' id='word_1_178' title='bbox 1239 2443 1306 2501; x_wconf 92' lang='lat' dir='ltr'><strong>Deo</strong></span> 
     </span>
     <span class='ocr_line' id='line_1_23' title="bbox 223 2537 1307 2623; baseline -0.002 -21"><span class='ocrx_word' id='word_1_179' title='bbox 223 2537 387 2602; x_wconf 85' lang='lat' dir='ltr'><strong>militatum</strong></span> <span class='ocrx_word' id='word_1_180' title='bbox 411 2552 555 2620; x_wconf 83' lang='lat' dir='ltr'><strong>venerat,</strong></span> <span class='ocrx_word' id='word_1_181' title='bbox 585 2543 695 2607; x_wconf 80' lang='lat' dir='ltr'><strong>iterum</strong></span> <span class='ocrx_word' id='word_1_182' title='bbox 717 2562 750 2602; x_wconf 91' lang='lat' dir='ltr'><strong>se</strong></span> <span class='ocrx_word' id='word_1_183' title='bbox 773 2543 900 2622; x_wconf 77' lang='lat' dir='ltr'><strong>negotiis</strong></span> <span class='ocrx_word' id='word_1_184' title='bbox 927 2540 1081 2623; x_wconf 88' lang='lat' dir='ltr'><strong>implicare</strong></span> <span class='ocrx_word' id='word_1_185' title='bbox 1104 2540 1307 2601; x_wconf 87' lang='lat' dir='ltr'><strong>saecularibus</strong></span> 
     </span>
     <span class='ocr_line' id='line_1_24' title="bbox 224 2636 1307 2725; baseline 0.005 -27"><span class='ocrx_word' id='word_1_186' title='bbox 224 2637 391 2701; x_wconf 80' lang='lat' dir='ltr'><strong>videretur.</strong></span> <span class='ocrx_word' id='word_1_187' title='bbox 443 2641 546 2725; x_wconf 86' lang='lat' dir='ltr'><strong>Atque</strong></span> <span class='ocrx_word' id='word_1_188' title='bbox 564 2643 607 2702; x_wconf 84' lang='lat' dir='ltr'><strong>ita</strong></span> <span class='ocrx_word' id='word_1_189' title='bbox 631 2642 724 2703; x_wconf 84' lang='lat' dir='ltr'><strong>codex</strong></span> <span class='ocrx_word' id='word_1_190' title='bbox 752 2642 886 2701; x_wconf 85' lang='lat' dir='ltr'><strong>Graecus</strong></span> <span class='ocrx_word' id='word_1_191' title='bbox 907 2636 1121 2723; x_wconf 71' lang='grc' dir='ltr'><strong><em>ἀνεπίγραφος</em></strong></span> <span class='ocrx_word' id='word_1_192' title='bbox 1142 2651 1205 2718; x_wconf 90' lang='lat' dir='ltr'><strong>est,</strong></span> <span class='ocrx_word' id='word_1_193' title='bbox 1243 2642 1307 2703; x_wconf 83' lang='lat' dir='ltr'><strong>sine</strong></span> 
     </span>
     <span class='ocr_line' id='line_1_25' title="bbox 223 2737 1307 2821; baseline 0.005 -24"><span class='ocrx_word' id='word_1_194' title='bbox 223 2737 313 2803; x_wconf 90' lang='lat' dir='ltr'><strong>titulo</strong></span> <span class='ocrx_word' id='word_1_195' title='bbox 337 2762 472 2821; x_wconf 85' lang='lat' dir='ltr'><strong>prorsus.</strong></span> <span class='ocrx_word' id='word_1_196' title='bbox 520 2741 639 2802; x_wconf 90' lang='lat' dir='ltr'><strong>Deinde</strong></span> <span class='ocrx_word' id='word_1_197' title='bbox 662 2762 697 2802; x_wconf 83' lang='lat' dir='ltr'><strong>ex</strong></span> <span class='ocrx_word' id='word_1_198' title='bbox 724 2741 791 2821; x_wconf 88' lang='lat' dir='ltr'><strong>ipsa</strong></span> <span class='ocrx_word' id='word_1_199' title='bbox 818 2739 881 2800; x_wconf 86' lang='lat' dir='ltr'><strong>Nili</strong></span> <span class='ocrx_word' id='word_1_200' title='bbox 912 2739 1038 2820; x_wconf 84' lang='lat' dir='ltr'><strong>epistola</strong></span> <span class='ocrx_word' id='word_1_201' title='bbox 1064 2740 1307 2802; x_wconf 83' lang='lat' dir='ltr'><strong>Cantacuzenum</strong></span> 
     </span>
     <span class='ocr_line' id='line_1_26' title="bbox 223 2835 1305 2924; baseline 0 -25"><span class='ocrx_word' id='word_1_202' title='bbox 223 2835 317 2899; x_wconf 78' lang='lat' dir='ltr'><strong>huius</strong></span> <span class='ocrx_word' id='word_1_203' title='bbox 333 2839 475 2903; x_wconf 85' lang='lat' dir='ltr'><strong>historiae</strong></span> <span class='ocrx_word' id='word_1_204' title='bbox 492 2852 669 2924; x_wconf 85' lang='lat' dir='ltr'><strong>parentem,</strong></span> <span class='ocrx_word' id='word_1_205' title='bbox 698 2850 728 2900; x_wconf 90' lang='lat' dir='ltr'><strong>at</strong></span> <span class='ocrx_word' id='word_1_206' title='bbox 750 2839 939 2900; x_wconf 85' lang='lat' dir='ltr'><strong>conditorem</strong></span> <span class='ocrx_word' id='word_1_207' title='bbox 960 2860 1023 2898; x_wconf 90' lang='lat' dir='ltr'><strong>esse</strong></span> <span class='ocrx_word' id='word_1_208' title='bbox 1044 2841 1237 2919; x_wconf 85' lang='lat' dir='ltr'><strong>perspicuum</strong></span> <span class='ocrx_word' id='word_1_209' title='bbox 1260 2839 1305 2899; x_wconf 85' lang='lat' dir='ltr'><strong>tit.</strong></span> 
     </span>
     <span class='ocr_line' id='line_1_27' title="bbox 226 2929 1307 3019; baseline 0.001 -23"><span class='ocrx_word' id='word_1_210' title='bbox 226 2933 285 2996; x_wconf 85' lang='lat' dir='ltr'><strong>Illa</strong></span> <span class='ocrx_word' id='word_1_211' title='bbox 309 2940 391 3004; x_wconf 84' lang='lat' dir='ltr'><strong>enim</strong></span> <span class='ocrx_word' id='word_1_212' title='bbox 415 2940 528 3019; x_wconf 86' lang='lat' dir='ltr'><strong>verba,</strong></span> <span class='ocrx_word' id='word_1_213' title='bbox 567 2934 621 3001; x_wconf 81' lang='grc' dir='ltr'><strong><em>καί</em></strong></span> <span class='ocrx_word' id='word_1_214' title='bbox 642 2929 690 2999; x_wconf 73' lang='grc' dir='ltr'><strong>ὅτε</strong></span> <span class='ocrx_word' id='word_1_215' title='bbox 711 2932 772 3019; x_wconf 75' lang='grc' dir='ltr'><strong>γὰρ</strong></span> <span class='ocrx_word' id='word_1_216' title='bbox 805 2930 845 3000; x_wconf 81' lang='grc' dir='ltr'><strong>τοὶ</strong></span> <span class='ocrx_word' id='word_1_217' title='bbox 870 2930 957 2997; x_wconf 68' lang='lat' dir='ltr'><strong>soced</strong></span> <span class='ocrx_word' id='word_1_218' title='bbox 977 2935 1124 3007; x_wconf 75' lang='grc' dir='ltr'><strong><em>διετέλεις</em></strong></span> <span class='ocrx_word' id='word_1_219' title='bbox 1150 2931 1307 3018; x_wconf 74' lang='grc' dir='ltr'><strong>πράττων,</strong></span> 
     </span>
     <span class='ocr_line' id='line_1_28' title="bbox 224 3027 1307 3121; baseline -0.002 -25"><span class='ocrx_word' id='word_1_220' title='bbox 224 3036 364 3118; x_wconf 76' lang='grc' dir='ltr'><strong><em>σωτηρία</em></strong></span> <span class='ocrx_word' id='word_1_221' title='bbox 382 3042 448 3111; x_wconf 84' lang='grc' dir='ltr'><strong><em>τοῖς</em></strong></span> <span class='ocrx_word' id='word_1_222' title='bbox 465 3034 644 3121; x_wconf 78' lang='grc' dir='ltr'><em>πράγμασιν</em></span> <span class='ocrx_word' id='word_1_223' title='bbox 656 3027 758 3119; x_wconf 72' lang='grc' dir='ltr'><strong><em>ἦσθα·</em></strong></span> <span class='ocrx_word' id='word_1_224' title='bbox 777 3030 833 3097; x_wconf 79' lang='lat' dir='ltr'><strong>uui</strong></span> <span class='ocrx_word' id='word_1_225' title='bbox 847 3035 903 3096; x_wconf 75' lang='lat' dir='ltr'><strong>viu</strong></span> <span class='ocrx_word' id='word_1_226' title='bbox 919 3034 1038 3096; x_wconf 81' lang='grc' dir='ltr'><strong><em>σαυτοῦ</em></strong></span> <span class='ocrx_word' id='word_1_227' title='bbox 1057 3028 1206 3113; x_wconf 73' lang='grc' dir='ltr'><strong>γεγονώς,</strong></span> <span class='ocrx_word' id='word_1_228' title='bbox 1228 3031 1307 3114; x_wconf 80' lang='grc' dir='ltr'><strong>ἅλη-</strong></span> 
     </span>
     <span class='ocr_line' id='line_1_29' title="bbox 225 3127 1307 3219; baseline 0.002 -25"><span class='ocrx_word' id='word_1_229' title='bbox 225 3132 317 3205; x_wconf 74' lang='grc' dir='ltr'><strong><em>θείοις</em></strong></span> <span class='ocrx_word' id='word_1_230' title='bbox 355 3136 410 3197; x_wconf 77' lang='grc' dir='ltr'>καί</span> <span class='ocrx_word' id='word_1_231' title='bbox 440 3133 640 3219; x_wconf 77' lang='grc' dir='ltr'><em>δικαιοσύνης</em></span> <span class='ocrx_word' id='word_1_232' title='bbox 662 3131 863 3218; x_wconf 78' lang='grc' dir='ltr'><strong><em>παράδειγμα</em></strong></span> <span class='ocrx_word' id='word_1_233' title='bbox 879 3129 934 3195; x_wconf 78' lang='grc' dir='ltr'><strong>τὸν</strong></span> <span class='ocrx_word' id='word_1_234' title='bbox 952 3129 1022 3213; x_wconf 69' lang='grc' dir='ltr'><strong>βίον</strong></span> <span class='ocrx_word' id='word_1_235' title='bbox 1037 3132 1229 3215; x_wconf 75' lang='grc' dir='ltr'><strong><em>κατέστησας</em></strong></span> <span class='ocrx_word' id='word_1_236' title='bbox 1251 3127 1307 3196; x_wconf 77' lang='grc' dir='ltr'><strong>τὸν</strong></span> 
     </span>
     <span class='ocr_line' id='line_1_30' title="bbox 182 3230 1307 3321; baseline 0 -27"><span class='ocrx_word' id='word_1_237' title='bbox 182 3230 186 3235; x_wconf 72' lang='grc'>’</span> <span class='ocrx_word' id='word_1_238' title='bbox 225 3233 355 3295; x_wconf 80' lang='grc' dir='ltr'><strong><em>σαυτοῦ.</em></strong></span> <span class='ocrx_word' id='word_1_239' title='bbox 405 3234 453 3297; x_wconf 87' lang='lat' dir='ltr'><strong>Tu</strong></span> <span class='ocrx_word' id='word_1_240' title='bbox 476 3238 559 3298; x_wconf 83' lang='lat' dir='ltr'><strong>enim</strong></span> <span class='ocrx_word' id='word_1_241' title='bbox 579 3251 610 3298; x_wconf 88' lang='lat' dir='ltr'><strong>et</strong></span> <span class='ocrx_word' id='word_1_242' title='bbox 629 3234 781 3321; x_wconf 76' lang='lat' dir='ltr'><strong>quamdiu</strong></span> <span class='ocrx_word' id='word_1_243' title='bbox 800 3235 923 3317; x_wconf 76' lang='lat' dir='ltr'><strong>gessisti</strong></span> <span class='ocrx_word' id='word_1_244' title='bbox 944 3234 1186 3318; x_wconf 85' lang='lat' dir='ltr'><strong>rempublicam,</strong></span> <span class='ocrx_word' id='word_1_245' title='bbox 1221 3234 1307 3295; x_wconf 81' lang='lat' dir='ltr'><strong>salus</strong></span> 
     </span>
     <span class='ocr_line' id='line_1_31' title="bbox 224 3331 1308 3419; baseline 0.001 -26"><span class='ocrx_word' id='word_1_246' title='bbox 224 3334 353 3419; x_wconf 83' lang='lat' dir='ltr'><strong>imperii</strong></span> <span class='ocrx_word' id='word_1_247' title='bbox 365 3331 480 3417; x_wconf 84' lang='lat' dir='ltr'><strong>suisti.-</strong></span> <span class='ocrx_word' id='word_1_248' title='bbox 513 3348 543 3397; x_wconf 86' lang='lat' dir='ltr'><strong>et</strong></span> <span class='ocrx_word' id='word_1_249' title='bbox 569 3335 686 3408; x_wconf 78' lang='lat' dir='ltr'><strong>hodie,</strong></span> <span class='ocrx_word' id='word_1_250' title='bbox 713 3348 880 3419; x_wconf 80' lang='lat' dir='ltr'><strong>postquam</strong></span> <span class='ocrx_word' id='word_1_251' title='bbox 904 3334 1072 3415; x_wconf 81' lang='lat' dir='ltr'><strong>defunctus</strong></span> <span class='ocrx_word' id='word_1_252' title='bbox 1090 3335 1230 3406; x_wconf 76' lang='lat' dir='ltr'><strong>honore,</strong></span> <span class='ocrx_word' id='word_1_253' title='bbox 1261 3335 1308 3395; x_wconf 86' lang='lat' dir='ltr'><strong>tui</strong></span> 
     </span>
     <span class='ocr_line' id='line_1_32' title="bbox 223 3433 1307 3518; baseline 0.003 -26"><span class='ocrx_word' id='word_1_254' title='bbox 223 3433 327 3518; x_wconf 84' lang='lat' dir='ltr'><strong>ipsius</strong></span> <span class='ocrx_word' id='word_1_255' title='bbox 356 3456 420 3496; x_wconf 82' lang='lat' dir='ltr'><strong>esse</strong></span> <span class='ocrx_word' id='word_1_256' title='bbox 449 3436 633 3514; x_wconf 81' lang='lat' dir='ltr'><strong>instituisti,</strong></span> <span class='ocrx_word' id='word_1_257' title='bbox 668 3436 769 3497; x_wconf 84' lang='lat' dir='ltr'><strong>uitam</strong></span> <span class='ocrx_word' id='word_1_258' title='bbox 795 3454 957 3516; x_wconf 80' lang='lat' dir='ltr'><strong>moresque</strong></span> <span class='ocrx_word' id='word_1_259' title='bbox 980 3448 1050 3497; x_wconf 86' lang='lat' dir='ltr'><strong>tuos</strong></span> <span class='ocrx_word' id='word_1_260' title='bbox 1076 3436 1237 3512; x_wconf 82' lang='lat' dir='ltr'><strong>ueritatis,</strong></span> <span class='ocrx_word' id='word_1_261' title='bbox 1268 3454 1307 3495; x_wconf 85' lang='lat' dir='ltr'><strong>ac</strong></span> 
     </span>
     <span class='ocr_line' id='line_1_33' title="bbox 225 3533 1306 3620; baseline 0.003 -27"><span class='ocrx_word' id='word_1_262' title='bbox 225 3533 364 3596; x_wconf 81' lang='lat' dir='ltr'><strong>iustitiae</strong></span> <span class='ocrx_word' id='word_1_263' title='bbox 389 3537 554 3620; x_wconf 80' lang='lat' dir='ltr'><strong>exemplar</strong></span> <span class='ocrx_word' id='word_1_264' title='bbox 572 3534 721 3619; x_wconf 65' lang='lat' dir='ltr'><strong>effecisti</strong></span> <span class='ocrx_word' id='word_1_265' title='bbox 771 3535 851 3613; x_wconf 85' lang='lat' dir='ltr'><strong>hae,</strong></span> <span class='ocrx_word' id='word_1_266' title='bbox 887 3538 1032 3616; x_wconf 88' lang='lat' dir='ltr'><strong>inquam,</strong></span> <span class='ocrx_word' id='word_1_267' title='bbox 1061 3556 1150 3598; x_wconf 88' lang='lat' dir='ltr'><strong>voces</strong></span> <span class='ocrx_word' id='word_1_268' title='bbox 1176 3556 1238 3596; x_wconf 95' lang='lat' dir='ltr'><strong>non</strong></span> <span class='ocrx_word' id='word_1_269' title='bbox 1266 3535 1306 3596; x_wconf 92' lang='lat' dir='ltr'><strong>ad</strong></span> 
     </span>
     <span class='ocr_line' id='line_1_34' title="bbox 225 3630 1308 3716; baseline 0.003 -25"><span class='ocrx_word' id='word_1_270' title='bbox 225 3630 381 3711; x_wconf 82' lang='lat' dir='ltr'><strong>iudicem,</strong></span> <span class='ocrx_word' id='word_1_271' title='bbox 416 3635 594 3716; x_wconf 88' lang='lat' dir='ltr'><strong>Consulem,</strong></span> <span class='ocrx_word' id='word_1_272' title='bbox 628 3635 819 3699; x_wconf 87' lang='lat' dir='ltr'><strong>Praefectum</strong></span> <span class='ocrx_word' id='word_1_273' title='bbox 838 3634 989 3716; x_wconf 83' lang='lat' dir='ltr'><strong>aliquem,</strong></span> <span class='ocrx_word' id='word_1_274' title='bbox 1024 3634 1076 3696; x_wconf 88' lang='lat' dir='ltr'><strong>sed</strong></span> <span class='ocrx_word' id='word_1_275' title='bbox 1101 3635 1140 3694; x_wconf 89' lang='lat' dir='ltr'><strong>ad</strong></span> <span class='ocrx_word' id='word_1_276' title='bbox 1164 3655 1308 3716; x_wconf 81' lang='lat' dir='ltr'><strong>magnum</strong></span> 
     </span>
     <span class='ocr_line' id='line_1_35' title="bbox 224 3728 1307 3815; baseline 0.006 -25"><span class='ocrx_word' id='word_1_277' title='bbox 224 3728 422 3796; x_wconf 89' lang='lat' dir='ltr'><strong>domesticum</strong></span> <span class='ocrx_word' id='word_1_278' title='bbox 446 3737 590 3797; x_wconf 73' lang='lat' dir='ltr'><strong>lomnem</strong></span> <span class='ocrx_word' id='word_1_279' title='bbox 605 3736 867 3814; x_wconf 84' lang='lat' dir='ltr'><strong>Cantacuzeuum,</strong></span> <span class='ocrx_word' id='word_1_280' title='bbox 903 3737 988 3795; x_wconf 91' lang='lat' dir='ltr'><strong>cuius</strong></span> <span class='ocrx_word' id='word_1_281' title='bbox 1012 3745 1081 3815; x_wconf 92' lang='lat' dir='ltr'><strong>post</strong></span> <span class='ocrx_word' id='word_1_282' title='bbox 1097 3734 1307 3801; x_wconf 79' lang='lat' dir='ltr'><strong>Andronicum</strong></span> 
     </span>
     <span class='ocr_line' id='line_1_36' title="bbox 224 3832 1306 3920; baseline 0.002 -28"><span class='ocrx_word' id='word_1_283' title='bbox 224 3832 391 3913; x_wconf 86' lang='lat' dir='ltr'><strong>minorem,</strong></span> <span class='ocrx_word' id='word_1_284' title='bbox 419 3836 565 3920; x_wconf 88' lang='lat' dir='ltr'><strong>quamdiu</strong></span> <span class='ocrx_word' id='word_1_285' title='bbox 585 3838 721 3917; x_wconf 79' lang='lat' dir='ltr'><strong>invixit,</strong></span> <span class='ocrx_word' id='word_1_286' title='bbox 742 3856 883 3916; x_wconf 86' lang='lat' dir='ltr'><strong>suprema</strong></span> <span class='ocrx_word' id='word_1_287' title='bbox 903 3834 960 3895; x_wconf 91' lang='lat' dir='ltr'><strong>fuit</strong></span> <span class='ocrx_word' id='word_1_288' title='bbox 977 3846 1128 3916; x_wconf 81' lang='lat' dir='ltr'><strong>potestas,</strong></span> <span class='ocrx_word' id='word_1_289' title='bbox 1158 3847 1188 3896; x_wconf 89' lang='lat' dir='ltr'><strong>et</strong></span> <span class='ocrx_word' id='word_1_290' title='bbox 1211 3838 1306 3915; x_wconf 85' lang='lat' dir='ltr'><strong>impe·</strong></span> 
     </span>
     <span class='ocr_line' id='line_1_37' title="bbox 224 3935 1307 4017; baseline -0.002 -20"><span class='ocrx_word' id='word_1_291' title='bbox 224 3936 354 3997; x_wconf 74' lang='lat' dir='ltr'><strong>natoriae</strong></span> <span class='ocrx_word' id='word_1_292' title='bbox 374 3937 511 4017; x_wconf 82' lang='lat' dir='ltr'><strong>proximu</strong></span> <span class='ocrx_word' id='word_1_293' title='bbox 530 3937 562 3996; x_wconf 90' lang='lat' dir='ltr'><strong>in</strong></span> <span class='ocrx_word' id='word_1_294' title='bbox 582 3936 742 4014; x_wconf 69' lang='lat' dir='ltr'><strong>omnibus»,</strong></span> <span class='ocrx_word' id='word_1_295' title='bbox 770 3946 801 3997; x_wconf 82' lang='lat' dir='ltr'><strong>et</strong></span> <span class='ocrx_word' id='word_1_296' title='bbox 817 3935 898 4017; x_wconf 84' lang='lat' dir='ltr'><strong>apud</strong></span> <span class='ocrx_word' id='word_1_297' title='bbox 917 3956 1020 3997; x_wconf 87' lang='lat' dir='ltr'><strong>omnes</strong></span> <span class='ocrx_word' id='word_1_298' title='bbox 1040 3938 1220 4001; x_wconf 80' lang='lat' dir='ltr'><strong>auctoritas:</strong></span> <span class='ocrx_word' id='word_1_299' title='bbox 1246 3936 1307 3995; x_wconf 90' lang='lat' dir='ltr'><strong>imo</strong></span> 
     </span>
     <span class='ocr_line' id='line_1_38' title="bbox 225 4034 1307 4119; baseline -0.003 -21"><span class='ocrx_word' id='word_1_300' title='bbox 225 4052 298 4098; x_wconf 77' lang='lat' dir='ltr'><strong>veru</strong></span> <span class='ocrx_word' id='word_1_301' title='bbox 320 4034 358 4097; x_wconf 86' lang='lat' dir='ltr'><strong>ud</strong></span> <span class='ocrx_word' id='word_1_302' title='bbox 379 4037 477 4117; x_wconf 82' lang='lat' dir='ltr'><strong>ipsum</strong></span> <span class='ocrx_word' id='word_1_303' title='bbox 495 4056 605 4097; x_wconf 87' lang='lat' dir='ltr'><strong>munus</strong></span> <span class='ocrx_word' id='word_1_304' title='bbox 627 4038 874 4119; x_wconf 80' lang='lat' dir='ltr'><strong>imperatorium,</strong></span> <span class='ocrx_word' id='word_1_305' title='bbox 904 4036 985 4117; x_wconf 89' lang='lat' dir='ltr'><strong>quod</strong></span> <span class='ocrx_word' id='word_1_306' title='bbox 1003 4036 1081 4097; x_wconf 89' lang='lat' dir='ltr'><strong>idem</strong></span> <span class='ocrx_word' id='word_1_307' title='bbox 1100 4037 1174 4097; x_wconf 83' lang='lat' dir='ltr'><strong>citra</strong></span> <span class='ocrx_word' id='word_1_308' title='bbox 1198 4055 1307 4095; x_wconf 88' lang='lat' dir='ltr'><strong>nomen</strong></span> 
     </span>
     <span class='ocr_line' id='line_1_39' title="bbox 225 4132 1305 4219; baseline -0.003 -22"><span class='ocrx_word' id='word_1_309' title='bbox 225 4132 299 4213; x_wconf 86' lang='lat' dir='ltr'><strong>diu,</strong></span> <span class='ocrx_word' id='word_1_310' title='bbox 328 4135 521 4219; x_wconf 87' lang='lat' dir='ltr'><strong>postmodum</strong></span> <span class='ocrx_word' id='word_1_311' title='bbox 546 4149 574 4200; x_wconf 85' lang='lat' dir='ltr'><strong>ct</strong></span> <span class='ocrx_word' id='word_1_312' title='bbox 597 4159 629 4201; x_wconf 82' lang='lat' dir='ltr'><strong>cc</strong></span> <span class='ocrx_word' id='word_1_313' title='bbox 649 4148 683 4199; x_wconf 88' lang='lat' dir='ltr'><strong>ct</strong></span> <span class='ocrx_word' id='word_1_314' title='bbox 700 4139 822 4201; x_wconf 80' lang='lat' dir='ltr'><strong>nouune</strong></span> <span class='ocrx_word' id='word_1_315' title='bbox 851 4136 953 4201; x_wconf 84' lang='lat' dir='ltr'><strong>multis</strong></span> <span class='ocrx_word' id='word_1_316' title='bbox 972 4138 1058 4203; x_wconf 74' lang='lat' dir='ltr'><strong>cums</strong></span> <span class='ocrx_word' id='word_1_317' title='bbox 1073 4135 1305 4211; x_wconf 74' lang='lat' dir='ltr'><strong>admmtsuavu,</strong></span> 
     </span>
    </p>
   </div>
   <div class='ocr_carea' id='block_1_3' title="bbox 0 0 1506 4742">
    <p class='ocr_par' dir='ltr' id='par_1_4' title="bbox 0 0 1506 4742">
     <span class='ocr_line' id='line_1_40' title="bbox 0 0 1506 4742; baseline 0 0"><span class='ocrx_word' id='word_1_318' title='bbox 0 0 1506 4742; x_wconf 95' lang='lat' dir='ltr'><strong> </strong></span> 
     </span>
    </p>
   </div>
  </div>
 </body>
</html>
