3000 4742
224 284 291 346 xvi
651 280 676 338 t.
712 248 892 343 pontiur

224 451 284 514 Sed
306 452 390 512 iuret
411 447 503 532 ipsius
530 444 730 509 Gnntaeuieni
753 447 847 509 verbo
868 445 1004 532 proferre
1026 444 1059 508 in
1083 445 1236 527 medium,
1277 468 1319 509 ex

224 551 294 614 libri
308 551 408 634 quarti
422 548 520 630 cupite
540 548 684 630 vigesimo
703 558 832 630 quarto,
848 546 945 627 unde,
967 546 1120 630 quomodo
1141 569 1174 614 se
1186 547 1321 630 gesserit

225 653 258 711 in
280 649 406 711 historin
429 645 587 709 scribendo
606 648 768 730 Gregorns,
789 646 905 729 liquido
918 649 1126 730 perspiciatur.
1167 647 1321 728 Impera·

223 762 325 813 torem
347 768 423 810 uero
454 745 723 823 Cantacuzenum,
755 759 920 828 postquam
944 748 1047 829 ipsum
1063 764 1124 829 per
1142 765 1175 805 se
1196 743 1318 828 depri-

223 866 307 911 mere
336 859 428 930 atque
450 858 591 907 euertere
617 864 679 906 non
699 847 823 929 potuit,
846 844 1106 925 Palaeologorum
1133 844 1318 925 imperato·

225 967 294 1009 rum
311 945 425 1009 bellum
438 957 578 1006 mutuum
591 964 652 1027 pro
671 957 852 1025 argumento
868 964 1008 1006 sumens.-
1036 956 1066 1006 et
1084 944 1203 1029 partim
1219 942 1317 1022 igno-

224 1046 331 1106 rantia
360 1063 465 1105 rerum
491 1056 670 1124 gestarum,
702 1046 823 1128 partim
853 1044 958 1125 gratia
986 1054 1137 1125 corrupta
1160 1042 1316 1118 veritate,

224 1165 261 1206 ae
293 1145 369 1206 totis
391 1143 514 1205 viribus
538 1144 626 1204 uelut
652 1143 687 1204 in
708 1141 827 1225 fabula
854 1140 1121 1205 comminiscendo
1145 1141 1317 1211 mentiens,

224 1240 341 1304 deinde
357 1239 469 1304 ordine
484 1241 530 1303 ad
546 1241 674 1318 bellum,
702 1240 792 1326 quod
805 1253 916 1304 nostra
932 1242 1083 1303 memoria
1103 1251 1215 1301 contra
1230 1238 1316 1299 Can·
1362 1283 1366 1293 „

223 1354 408 1404 taeuzenum
426 1342 600 1403 excitatum
629 1353 693 1421 est,
728 1362 938 1427 progressus,
973 1353 1038 1402 tum
1058 1339 1123 1400 alia
1147 1338 1316 1422 complura

223 1441 352 1503 crimini
372 1439 450 1513 dat,
478 1442 662 1512 servitutes,
691 1440 824 1513 caedes,
851 1438 1098 1511 tnnidationes,
1127 1435 1318 1520 populatio·

223 1558 279 1600 nes
288 1582 303 1612 ,
332 1550 363 1601 et
387 1558 585 1622 quaecunque
606 1541 756 1602 Romanis
774 1559 832 1621 per
852 1537 891 1599 id
916 1537 1032 1601 bellum
1057 1537 1201 1599 luctuosa
1226 1533 1315 1595 inci·

224 1635 360 1711 derunt,
383 1639 434 1699 illi
447 1636 652 1700 adscribens.-
672 1651 739 1698 turn
759 1639 799 1700 ob
824 1657 964 1700 amorem
991 1635 1181 1700 dominandi
1207 1634 1314 1717 impe-

226 1737 377 1817 rialisque
397 1734 528 1818 fastigii
554 1734 733 1817 cupidinem
758 1736 917 1797 malorum
943 1734 1073 1797 illorum
1097 1734 1216 1796 nullom
1247 1730 1315 1792 dn·

120 1892 122 1901 ,
223 1836 311 1898 nisse
332 1835 485 1897 rationem
512 1829 661 1911 affirmat.
703 1832 795 1894 Illud
808 1845 910 1894 autem
933 1831 1183 1894 Cantacuzenum
1202 1831 1313 1917 potis·
1368 1848 1376 1872 ·¹

224 1937 336 1996 cineum
360 1931 488 1993 vellicat
515 1943 546 1991 et
568 1949 625 1992 eor
640 1930 707 1991 cius
727 1932 810 2007 urit,
844 1928 934 2012 quod
953 1931 1123 2002 mentitur,
1144 1952 1232 2007 eum,
1254 1928 1316 1991 ad·

224 2034 285 2094 lue
302 2032 424 2091 uiuente
438 2027 647 2101 Andronico,
687 2029 816 2111 imperii
831 2027 967 2090 Romani
985 2027 1076 2107 longe
1093 2028 1315 2110 appetentissi-

224 2151 331 2202 mum,
368 2148 438 2190 curn
458 2126 498 2188 id
514 2129 638 2210 assequi
654 2147 719 2189 non
742 2139 870 2211 posset,
900 2122 946 2187 ad
969 2127 1138 2187 monachos
1154 2128 1189 2186 in
1207 2139 1314 2188 monte

225 2229 328 2301 Arno,
358 2229 415 2312 qui
442 2228 509 2289 uiri
535 2228 637 2289 saneti
672 2239 702 2288 et
727 2249 748 2287 a
767 2226 836 2288 Deo
861 2224 984 2306 affati,
1006 2221 1195 2305 futurorum
1217 2245 1315 2308 prae·

224 2328 399 2390 sensionem
415 2326 533 2388 labere
543 2325 786 2403 indicabantur,
813 2318 991 2407 profectum
1006 2342 1073 2384 esce
1082 2366 1095 2395 ,
1118 2321 1158 2382 de
1172 2318 1314 2404 suturis,

226 2439 258 2489 et
280 2448 322 2489 an
339 2425 386 2488 od
405 2445 439 2487 se
456 2425 629 2487 Romanum
654 2424 821 2509 imperium
844 2414 1065 2507 personnarum
1093 2433 1174 2483 esset
1184 2466 1197 2495 ,
1234 2443 1313 2506 per·

228 2537 446 2590 cunctaturum
473 2537 529 2588 eto.
574 2526 719 2587 Attamen
742 2525 807 2585 fieri
832 2534 951 2607 potest,
979 2522 1177 2604 utGregores
1191 2519 1230 2581 de
1243 2541 1312 2581 mo-

227 2626 312 2688 ribus
337 2623 504 2687 Andronici
531 2625 680 2708 quaedem
693 2646 757 2687 non
777 2644 902 2707 prorsus
916 2622 991 2683 salsa
1005 2621 1137 2699 scribet,
1160 2631 1191 2681 et
1205 2641 1241 2681 eo
1254 2640 1312 2680 no-

226 2734 289 2787 ster
308 2737 361 2787 eut
382 2728 458 2786 tanti
476 2744 540 2786 non
565 2728 702 2787 nestimet
731 2726 856 2807 musque
878 2723 1028 2783 iuventuti
1040 2719 1238 2782 condonanda
1251 2741 1310 2800 pu-

225 2835 289 2886 tet:
320 2836 373 2885 ent
384 2823 571 2905 dissimulet,
593 2834 624 2887 et
644 2823 677 2886 id
698 2826 846 2886 nniieitiee
866 2820 1010 2906 singulari
1036 2819 1161 2882 tortasse
1182 2819 1309 2899 tribuat,

226 2922 265 2985 de
278 2945 339 3006 quo
361 2925 394 2985 in
417 2924 505 2986 Notis
526 2944 582 2986 suo
607 2924 675 2986 loco
698 2924 879 2986 videbimus.

310 3024 375 3084 lem
390 3021 429 3084 de
443 3022 770 3102 excellentia„finctu,
791 3022 938 3107 elegantia
968 3033 999 3084 et
1019 3021 1202 3084 ornamentis
1215 3018 1312 3081 histo·

228 3123 397 3184 riaehuius
410 3124 485 3205 quid
509 3145 565 3207 ego
588 3126 660 3185 setis
674 3122 800 3206 dignum
813 3128 1068 3184 commemorem?
1110 3123 1193 3183 lnter
1206 3139 1311 3180 recen·

226 3216 319 3282 tiores
333 3221 456 3304 quidem
469 3243 573 3284 rerum
587 3226 793 3304 Graecorum,
815 3244 868 3285 seu
882 3224 1115 3307 Byzantinmum
1137 3223 1309 3301 scriptores,

226 3332 262 3383 ut
271 3333 342 3382 sunt
353 3323 499 3401 Zonaras,
520 3322 661 3404 Nicetes,
697 3324 875 3402 Cedrenus,
903 3333 934 3383 ct
947 3322 1018 3402 elii,
1046 3341 1114 3382 meo
1137 3318 1260 3402 quidem
1281 3328 1312 3378 et

227 3419 430 3502 quorumdem
441 3420 519 3483 bene
532 3419 735 3483 litteratomm
749 3424 861 3484 iudicio
872 3421 922 3482 hic
936 3423 1049 3504 primes
1060 3430 1160 3481 tenet:
1174 3416 1312 3479 videtur·

226 3542 288 3604 que
308 3520 390 3583 solus
411 3521 570 3602 didicisse,
591 3543 652 3605 qno
671 3534 760 3606 pecto
775 3522 813 3584 nd
829 3522 951 3584 laudem
973 3518 1196 3582 accommodate
1209 3528 1312 3578 conte·

227 3619 516 3684 xendnsithistoria.
540 3616 1314 3703 Mira,nova,ineuditn,inusitete,oecultorumDei

228 3719 409 3782 iudiciorum
423 3720 525 3804 plena,
536 3722 674 3806 grandia,
690 3722 820 3785 illustria
831 3721 927 3783 multo
936 3721 986 3782 hic
996 3729 1200 3781 recensentur.
1221 3717 1275 3794 Et,
1286 3715 1313 3775 si

227 3818 355 3883 iustoria
364 3821 454 3882 debet
466 3842 530 3883 esse
538 3822 684 3905 prudens,
697 3835 789 3906 atque
797 3834 903 3884 ornntn
914 3841 1016 3883 rerum
1025 3818 1194 3902 explicatio,
1204 3827 1312 3877 nontin

228 3921 326 3980 virtus
339 3921 370 3980 in
386 3920 442 3982 hae
456 3921 661 3985 desiderium
684 3924 852 4006 quaemihi
869 3941 988 4004 semper
1001 3942 1020 3981 a
1030 3922 1098 3981 viro
1109 3916 1308 3992 nobilissimo,

229 4030 260 4080 et
270 4022 390 4103 ingenio
406 4020 652 4087 excellentissimo
666 4026 904 4107 suavissimoque
911 4024 976 4084 vica
983 4018 1219 4103 estprolluxisse.
1235 4016 1310 4076 Pru·

230 4118 331 4183 dentis
344 4121 483 4187 militetis
496 4134 587 4208 atque
600 4124 698 4189 civilis
706 4136 770 4187 tem
780 4126 888 4188 eximia
897 4123 948 4186 hie
958 4120 1068 4203 clucet,
1096 4131 1131 4181 ut
1140 4118 1309 4195 civitatum,
