3000 4742
493 264 785 354 msroanann-
803 288 829 352 1.
857 293 909 360 n.
1102 261 1104 266 ’
1145 277 1224 350 nos

58 521 64 530 η
160 443 219 512 sah
232 438 431 528 πατριάρχου
450 435 608 522 λεγόμενον
623 437 801 525 μαφόριον,
821 437 876 506 τόν
887 444 1020 523 βασιλέα
1032 438 1157 528 παρεόν
1168 446 1377 507 tto-aenas

159 546 230 631 μιηῑ·
249 541 405 612 κλίνοντος
424 538 460 602 δέ
480 530 579 601 aaron
598 536 655 622 την
673 538 824 623 κεφαλήν,
846 537 864 603 δ
881 536 1020 617 διάκονος
1038 543 1082 617 εἷς
1101 538 1232 626 ἐπήκοον
1253 616 1257 624 ,

156 640 285 706 πόντων
316 636 499 721 ,μνησθείη
519 635 625 721 κόριος
645 634 663 698 ό
682 634 776 713 sled?
812 640 894 721 λέγει
907 640 988 718 „snei
1014 636 1148 724 κράτους
1175 640 1232 725 τῆς

161 735 323 822 βασιλείοις
341 731 432 816 όμοῖν
453 733 487 798 έν
507 734 705 822 τῇβασιλείρ
729 734 829 798 odensi
846 734 997 818 πόντοιο,
1029 735 1084 802 νόν
1106 738 1161 799 καί
1179 736 1233 801 dal

139 836 214 901 ὁκαὶ
232 839 278 911 εἷς
298 830 373 908 τοός
408 834 523 907 αἰῶνας
547 836 609 897 τόν
636 830 789 915 αἰοόνοον,”
815 835 966 915 ἐπιλέγων
994 831 1050 898 καί
1074 830 1111 896 τό
1134 833 1326 918 &primm

65 1010 70 1026 ¹
150 923 275 1023 Ιἑφεξῆς
293 937 328 998 δὲ
345 932 398 996 καί
417 928 446 994 ot
465 928 569 994 λοιποί
587 931 726 995 διάκονοι
742 929 907 1017 παριόντες
926 929 981 996 καί
999 929 1094 1018 ἱερεῖς
1110 932 1235 1015 λέγουσι

160 1031 195 1100 τό
217 1027 307 1098 αότό.
328 1028 439 1096 τούτου
464 1031 499 1093 δέ
518 1031 732 1112 τελεσθέντος,
753 1026 770 1093 ό
788 1027 939 1113 βασιλεός
959 1029 1015 1095 τόν
1035 1028 1234 1116 πατριόρχην

165 1126 442 1218 προσαγορεύσας,
470 1125 642 1193 α’ποδόεται
658 1125 714 1193 τόν
732 1128 888 1210 μανδόαν.
906 1126 962 1192 καί
981 1128 1036 1193 τόν
1056 1131 1115 1209 μὲν
1135 1126 1154 1192 ό
1181 1130 1236 1212 τῆς

162 1229 324 1315 ἐκκλησίας
335 1225 590 1316 ῥαιφερενδόροος
601 1225 807 1320 ἀποφέρεται,
825 1223 921 1314 (οότω
941 1226 1001 1314 γόρ
1022 1224 1121 1315 ἔθος)
1140 1228 1262 1310 ὄβα-α

122 1326 269 1404 ἰοσιλεός
291 1330 321 1391 δ’
343 1326 397 1391 ε’πδ
421 1323 476 1412 τὴν
498 1320 684 1410 όναβόθραν
709 1320 928 1413 όνερχόμενος,
952 1328 1005 1393 έπί
1035 1328 1091 1392 τοῦ
1117 1323 1232 1412 θρόνου

161 1425 293 1511 κάθηται
308 1425 403 1489 πόλιν
409 1475 420 1507 ,
446 1425 502 1490 τοῦ
520 1422 679 1506 συμβόλου
695 1427 751 1509 τῆς
775 1426 905 1501 πίστεως
928 1426 984 1509 τῆς
999 1447 1034 1488 τε
1057 1425 1233 1511 προσευχῆς

159 1526 217 1588 aad
229 1522 324 1608 πάτερ
345 1522 436 1609 ἡμῶν
456 1526 647 1606 λεγομένων,
676 1525 802 1608 καὶτῆς
821 1521 976 1605 δψοόσεας
996 1525 1156 1607 γινομένης
1175 1523 1233 1586 τοῦ

159 1623 341 1687 δεσποτικοῦ
367 1623 423 1686 καί
440 1621 531 1704 ἁγίου
552 1620 706 1703 σώματος,
725 1620 933 1703 ἀνιστάμενος.
954 1625 1011 1706 τῆς
1025 1618 1179 1704 όψοόσεας
1196 1622 1234 1686 δέ

156 1725 353 1806 τελεσθείσης
364 1771 375 1803 ,
395 1720 426 1784 εἰ
444 1723 504 1801 μὲν
524 1712 742 1804 ἀνεπιτηδείως
758 1719 846 1806 Υπρός
873 1719 930 1806 την
950 1724 1013 1786 τῶν
1031 1716 1233 1803 όγιασμότοον

121 1817 322 1888 ιὸκοινοννίαν
347 1817 366 1880 ό
387 1815 534 1901 βασιλεὺς
561 1817 645 1900 ἔχει,
674 1821 772 1902 μέχρι
796 1816 1045 1904 συμπληρώσεονς
1068 1821 1122 1903 τῆς
1141 1816 1233 1908 θείοις

156 1913 376 1998 μοσταγοογιλις
405 1913 540 2001 κόθηται
563 1913 617 1981 έπί
644 1919 704 1980 rosi
722 1918 849 2003 θρόνου*
869 1919 899 1983 εἰ
918 1920 952 1988 δέ
978 1912 1230 2003 παρεσκεύασται

159 2010 239 2099 πρός
256 2014 366 2095 τοῦτο,
383 2012 476 2078 πόλιν
495 2011 590 2079 αότόν
612 2011 642 2078 oi
668 2010 810 2081 derisores
831 2011 994 2100 ἐρχόμενοι
1022 2014 1233 2100 προσκαλοῦν-

134 2145 138 2158 ·
157 2136 217 2176 ται.
240 2115 294 2176 καί
305 2115 370 2193 μετ’
385 2111 491 2176 aaron
505 2109 603 2188 εόθός
628 2111 757 2178 εἴσεισιν
778 2113 824 2189 εἷς
840 2111 879 2179 τό
900 2107 1016 2194 όδυτα,
1037 2109 1092 2177 καί
1110 2115 1231 2193 θυμια-

155 2212 212 2276 soti
238 2205 322 2300 αότηῖ
345 2213 529 2294 διδομένου,
560 2208 617 2297 τήν
639 2209 728 2299 ἱερόν
749 2212 905 2297 τράπεζαν
933 2215 1041 2299 πρῶτα
1065 2213 1124 2293 μὲν
1149 2206 1228 2274 sarsi

116 2304 311 2386 nodvaaolsie
327 2313 440 2398 θυμιᾷ,
460 2304 529 2375 εἶτα
544 2307 623 2396 πρός
639 2302 751 2395 ἄρκτον
766 2309 820 2375 καί
832 2308 914 2392 μετό
938 2314 1029 2376 τοῦτο
1045 2304 1122 2397 πρός
1136 2304 1229 2373 ἓσπέ·
1303 2357 1307 2366 .

98 2463 125 2516 ⁸
156 2433 215 2494 ραν
240 2411 296 2473 καί
314 2415 465 2494 τέταρτον
489 2405 567 2494 πρός
587 2408 786 2495 μεσημβρίαν
808 2412 941 2492 βλέπων
968 2407 1060 2474 πόλιν
1089 2410 1124 2474 δέ
1150 2402 1257 2492 πρόςῃ

156 2504 307 2582 όνατολός
322 2503 502 2588 θυμιάσας,
532 2510 634 2595 θυμιᾷ
656 2506 711 2571 καί
724 2506 778 2573 τόν
800 2508 1004 2593 πατριόρχην·
1024 2503 1234 2593 προσαγορεό-
1346 2563 1350 2570 .

155 2629 213 2681 σας
228 2608 264 2670 δὲ
285 2600 412 2671 αότόνό
437 2604 631 2693 πατριάρχης
645 2605 701 2671 καί
716 2610 770 2691 τῆς
795 2604 904 2693 χειρός
928 2607 1029 2671 adasai
1048 2602 1155 2688 λοβόν
1173 2600 1228 2668 τόν

229 2757 250 2791 ι.
274 2736 333 2809 alpe
353 2738 442 2810 ’όρισν
460 2742 531 2793 coni.
560 2742 659 2811 Intpr.,
694 2740 741 2793 sed
759 2741 815 2798 ΕΒ.
836 2743 865 2799 P.
879 2749 951 2796 reete
968 2741 1040 2795 nihil
1066 2737 1228 2792 mutandum

224 2758 399 2948 ξρὲἰιιέγῖξβ.
415 2811 533 2881 Βοωος,
551 2810 585 2864 ιδ
601 2809 758 2864 Alexisdem
770 2828 800 2881 p.
816 2813 874 2882 ³²9
985 2817 1010 2867 3.
1028 2812 1106 2880 λέγει
1119 2808 1229 2879 ·serlpsi

155 2980 292 3044 fibulum,
310 2981 417 3033 sinistra
434 2980 573 3035 humerale
588 2981 754 3050 patriarchae
773 2982 846 3069 quod
863 2983 978 3047 dieitur,
996 2981 1124 3037 abcedens
1142 2983 1230 3050 impe·

155 3059 271 3103 satorem
294 3050 373 3103 thure
390 3062 506 3119 vaporat
543 3052 605 3121 Quo
623 3062 704 3122 eaput
721 3055 880 3116 inenarrata,
899 3054 1029 3106 diaconus
1043 3054 1150 3106 sublata
1162 3067 1229 3103 roes

155 3121 261 3192 inquit,
288 3121 391 3172 Memor
418 3121 595 3173 sitdominus
620 3123 692 3174 Deus
711 3125 848 3192 potentiae
869 3125 976 3192 imperii
991 3124 1072 3176 vestri
1097 3123 1126 3176 in
1144 3137 1227 3190 regno

155 3208 203 3243 suo
215 3191 329 3260 ubique,
346 3208 418 3243 nunc
436 3199 464 3243 et
472 3208 577 3261 semper
587 3200 615 3244 et
628 3194 655 3244 in
675 3195 781 3245 saecula
801 3195 983 3262 saeculorum
1000 3193 1116 3247 addens:
1134 3194 1229 3245 Arnen.

155 3261 293 3331 Deinceps
312 3269 341 3312 et
361 3257 459 3330 reliqui
480 3260 586 3313 diaconi
603 3280 634 3313 ae
654 3264 804 3316 sacerdotes
830 3264 973 3327 adeuntes,
1010 3264 1082 3316 idern
1107 3277 1229 3331 eompre-

155 3341 257 3383 eantur.
294 3330 350 3382 Hoc
369 3331 497 3399 perfecto,
520 3333 665 3402 imperator
684 3352 772 3385 rursus
791 3334 905 3386 salutato
926 3334 1085 3402 patriarcha,
1102 3332 1229 3405 penulam
1307 3345 1310 3356 ·

155 3400 277 3470 deponit,
299 3417 379 3472 quam
399 3417 447 3470 pro
466 3401 661 3455 consuetudine
681 3406 811 3456 ecciesiae
830 3403 1025 3457 referendarios
1043 3405 1146 3470 aulert3
1178 3400 1228 3454 de·

154 3488 263 3542 nuoque
282 3469 455 3522 anabathrasn
473 3471 635 3536 ascendens,
666 3476 695 3525 iu
714 3473 811 3527 throno
832 3474 963 3538 considit,
990 3475 1039 3527 suh
1056 3474 1178 3543 symbolo
1197 3474 1231 3524 fi-

155 3540 218 3603 del,
246 3543 369 3594 oratione
393 3542 527 3593 dominica
545 3551 572 3593 et
589 3543 740 3596 elevatione
755 3545 888 3597 dominici
916 3554 944 3598 et
959 3547 1026 3598 sacri
1044 3546 1161 3615 corporis
1179 3560 1229 3596 ex-

154 3629 272 3680 surgens.
315 3611 396 3663 Facta
425 3611 589 3677 elevatione,
617 3615 764 3684 imperator
788 3616 810 3667 si
834 3616 868 3667 ad
892 3633 990 3668 sacram
1012 3616 1230 3668 communionem

153 3691 263 3751 paratus
276 3699 331 3734 non
352 3690 401 3744 est,
420 3698 506 3753 usque
523 3682 655 3735 adfinem
674 3702 763 3738 sacrae
781 3689 958 3756 mystagogiae
975 3687 1004 3739 ln
1023 3684 1120 3738 throno
1138 3684 1231 3750 sedet3

154 3754 177 3803 si
196 3759 315 3821 paratus,
335 3754 474 3804 venientes
493 3752 601 3805 diaconi
621 3770 681 3805 eum
699 3772 788 3808 rursus
807 3765 959 3810 accersunt:
998 3755 1158 3827 quibuscum
1175 3761 1233 3805 ste-

154 3823 204 3874 tim
223 3824 251 3873 in
275 3822 354 3889 adyta
372 3821 538 3893 ingreditur,
569 3822 723 3896 traditoque
750 3825 804 3878 sihi
829 3824 984 3889 thuribulo,
1017 3843 1106 3877 sacrae
1123 3838 1232 3875 mensae

154 3893 274 3943 suffitum
294 3893 374 3952 lacit,
397 3895 513 3962 primum
533 3894 643 3963 quidem
662 3895 695 3947 ad
715 3898 856 3957 orientem,
874 3904 930 3950 tum
949 3897 982 3947 ad
1001 3896 1231 3964 septemtrionem,

152 3969 217 4082 post
240 3961 275 4012 ad
296 3962 481 4024 occidentem,
509 3970 538 4013 et
555 3965 665 4016 tandem
691 3967 725 4019 ad
743 3965 884 4018 meridiem
904 3967 1060 4036 respiciens.
1106 3966 1231 4034 Dumque

165 4041 251 4082 terum
271 4030 304 4082 ad
328 4033 459 4084 orientem
477 4031 565 4085 thum
583 4034 685 4086 sumum
702 4039 813 4107 spargit,
834 4039 864 4088 in
881 4037 969 4105 ipsum
990 4053 1100 4107 qaoque
1136 4035 1232 4086 atrias-

152 4100 230 4152 eham
247 4099 277 4152 ld
296 4102 378 4168 lacit3
392 4103 445 4223 qui
465 4104 654 4172 imperatorem
672 4107 792 4158 salutans
811 4104 899 4177 deque
927 4107 986 4158 eius
1003 4122 1083 4157 manu
1134 4103 1230 4155 nribu-

149 4172 207 4228 lum
226 4172 350 4241 sapiens,
380 4174 389 4225 i
413 4189 458 4228 um
474 4173 592 4228 vicissim
612 4176 705 4230 suffitu
724 4174 850 4229 honorat.
885 4176 948 4230 Post
964 4174 1032 4231 haec
1049 4189 1175 4230 soronam
1193 4171 1229 4224 de
