3000 4742
475 816 734 883 IAOOBI
769 772 1103 889 PONTAM*

237 941 495 1047 dignitatum
519 965 569 1031 ac
579 940 856 1042 functionum
875 943 1033 1043 palatii
1048 960 1089 1020 et
1113 946 1325 1025 ecclcsiae

288 1056 729 1175 Camlautiuopoliianae‚
756 1100 913 1181 quarum
934 1077 1136 1152 historicus
1152 1099 1278 1169 noster

242 1190 246 1196 ’
323 1192 512 1278 memmii.
534 1211 590 1263 aa
618 1189 843 1289 curopalati
866 1208 902 1271 ct
926 1195 1007 1275 eius
1029 1195 1228 1277 scholiasta

533 1309 767 1406 potusiawa
789 1307 1018 1409 seplasia.
1114 1388 1116 1393 .

233 1503 432 1615 Δεσπότης,
453 1533 622 1597 Dominus.
663 1531 747 1596 Haec
762 1533 924 1618 appellatio
938 1536 1119 1619 imperator,
1148 1536 1217 1602 filiis
1239 1541 1320 1623 eius,
1414 1568 1420 1585 =

234 1616 380 1679 {isaiam
399 1628 430 1678 et
453 1621 571 1700 generis
584 1616 777 1679 tribuebatur
790 1622 966 1700 generatim.
997 1621 1126 1703 Proprie
1140 1623 1181 1683 ab
1195 1627 1320 1707 impera·

231 1701 311 1761 toria
332 1702 487 1763 maiestate
506 1700 655 1763 secundus
673 1703 716 1761 sic
736 1702 913 1781 dicebatur,
933 1724 1025 1784 quem
1038 1708 1217 1767 recentiores
1231 1711 1322 1770 etiam

229 1777 385 1863 σεβαστόν
402 1796 562 1846 vocarunt.
605 1783 673 1844 Hoc
694 1789 775 1844 enim
791 1783 883 1845 semel
902 1797 1009 1846 notare
1022 1791 1175 1868 convenit,
1196 1791 1322 1873 impera·

229 1876 311 1927 tores
325 1865 393 1929 illos
407 1868 542 1928 Orientis
555 1864 667 1926 multos
679 1867 783 1927 titulos
796 1867 975 1930 honorarior
986 1869 1026 1930 ad
1035 1892 1106 1932 suos
1118 1872 1175 1932 sibi
1192 1873 1322 1935 devinci·

230 1949 325 2011 cndos
338 1953 532 2031 excogitasse.
547 1950 591 2008 ‘ln
607 1947 713 2009 Galliis
727 1948 801 2009 olim
815 1953 969 2033 proximus
982 1974 1000 2012 a
1014 1974 1086 2036 rege
1099 1957 1198 2014 maior
1211 1957 1320 2019 domus

228 2032 455 2113 nominabatur.
498 2034 685 2092 Graecorum
699 2034 916 2114 imperatorum
931 2036 1067 2119 exemplo
1086 2057 1118 2097 se
1130 2058 1251 2119 quoque
1263 2041 1319 2100 ‹le-

229 2126 332 2197 spotas
354 2118 447 2176 vicini
475 2117 628 2197 principes
650 2114 709 2175 dici
730 2115 912 2197 voluerunt,
932 2122 1110 2200 praesertim
1139 2119 1260 2202 bulgari
1290 2132 1322 2185 et

227 2198 339 2260 Servii.
363 2199 425 2277 Qui
439 2198 591 2260 interdum
606 2199 639 2257 in
654 2199 839 2260 Graecorum
849 2200 985 2264 historiis
999 2205 1081 2286 regio
1095 2223 1216 2284 quoque
1230 2204 1319 2266 titulo

230 2292 403 2359 censentur,
418 2303 558 2365 cumpro
573 2280 704 2363 despotia
711 2281 814 2344 Crales
827 2294 857 2345 et
868 2301 975 2346 trxores
982 2308 1039 2367 pro
1054 2285 1210 2367 despoenis
1219 2286 1318 2347 Crale·

228 2363 498 2447 naeappellantur3
518 2365 576 2426 hoc
590 2368 702 2447 quippe
709 2376 797 2427 sonat
809 2388 920 2428 nomen
931 2368 1107 2429 barbarum.
1124 2368 1172 2428 Sic
1187 2369 1316 2446 aCanta·
1364 2427 1366 2431 .

227 2469 342 2509 cuzeno
357 2449 547 2509 Acarnaniae
567 2459 597 2509 et
618 2447 755 2510 Aetoliae
766 2452 864 2531 princi
887 2472 918 2512 es
931 2451 1073 2534 despotae
1086 2451 1239 2512 dicuntur.
1261 2453 1318 2515 Ve·

226 2550 299 2593 rum
312 2542 415 2608 noster
430 2532 591 2593 historicus
606 2532 840 2594 Constantinum
875 2534 1022 2613 ,ndronici
1043 2533 1139 2593 filium
1160 2533 1316 2617 despotam

50 2650 54 2657 ‚
179 2650 181 2655 v
226 2625 370 2677 vocatum
384 2615 501 2695 scribit,
517 2618 569 2699 qui
583 2626 652 2698 post
665 2616 844 2678 Michaelem
858 2618 981 2678 flatrum
995 2618 1124 2700 genitus,
1140 2638 1195 2698 per
1208 2631 1317 2681 cuncta

226 2700 374 2760 secundas
387 2699 548 2760 obtineret.
571 2698 721 2760 infantem
732 2711 843 2762 vocant
851 2701 990 2785 Hispani.
1012 2698 1212 2761 Observanda
1222 2704 1315 2786 igitur

225 2779 286 2844 alia
298 2785 394 2844 notio.
436 2783 629 2844 Manebimus
642 2785 674 2842 in
689 2782 836 2845 Annotat.

289 2860 595 2947 Παρακοιμαίμενος,
612 2866 739 2927 subaudi
751 2866 809 2927 τοῦ
819 2865 979 2944 κοιτῶνος,
994 2864 1136 2944 cubiculi,
1145 2864 1314 2931 Accubilor

223 2949 361 3012 cubiculi
375 2948 414 3009 ad
436 2949 576 3029 verbum,
591 2949 624 3010 id
639 2959 683 3010 est
697 2951 776 3010 sacri
790 2948 920 3010 cubiculi
950 2969 1003 3010 seu
1031 2949 1223 3010 excubiarum
1236 2952 1314 3012 sacri

223 3032 356 3093 cubiculi
375 3032 564 3116 praefectus,
594 3034 723 3115 principi
744 3052 798 3092 seu
828 3034 1001 3113 imperatori
1029 3054 1048 3092 a
1069 3031 1235 3110 cubiculis,
1257 3044 1313 3094 aut
1364 3034 1366 3038 ’

222 3114 393 3198 praefectus
414 3116 621 3176 excubitorum
656 3125 687 3177 et
700 3114 860 3175 custodum
874 3118 950 3175 sacri
965 3114 1108 3177 cubiculi.
1152 3116 1251 3198 Caput
1265 3127 1313 3177 est

221 3218 400 3281 puerorum,
416 3201 469 3279 qui
484 3201 516 3259 in
532 3210 656 3260 coetonc
670 3208 753 3273 siant,
769 3208 799 3259 et
812 3198 1079 3276 cubiculariorum,
1092 3198 1206 3259 habeus
1221 3200 1312 3259 etiam

221 3280 281 3342 sibi
296 3280 450 3342 subditum
466 3282 690 3363 procubitorem
706 3283 784 3342 sacri
798 3281 941 3343 cubiculi.
965 3284 1012 3344 lta
1027 3280 1219 3363 Curopaiata.
1250 3283 1313 3342 Ma·

222 3385 318 3446 gnum
331 3364 549 3425 cubicularium
563 3364 655 3446 aliqui
669 3374 791 3425 vocant.
843 3365 1043 3427 Leimclavius
1057 3364 1209 3425 Pandccte
1222 3362 1313 3425 histo-

221 3449 286 3508 riae
299 3448 448 3508 'I'urcicae
462 3470 515 3509 seu
530 3447 568 3507 ad
580 3445 714 3508 Annales
728 3447 884 3525 Tuccicos:
902 3440 1176 3529 παρακοιμῶμενοι
1190 3457 1261 3507 sunt
1270 3450 1313 3508 iu·

221 3532 289 3591 timi
304 3531 495 3608 cubicularii,
517 3532 569 3613 qui
585 3528 790 3613 augustalibus
804 3532 836 3590 in
851 3530 997 3593 cubiculis
1012 3541 1042 3591 et
1051 3532 1108 3611 ipsi
1124 3540 1247 3611 propter
1258 3531 1313 3589 im·
1388 3536 1389 3539 ’

220 3626 374 3696 pecatores
395 3615 596 3675 dormiebant.
646 3611 722 3673 Tale
743 3634 824 3673 nunc
838 3612 970 3674 officium
985 3625 1030 3675 est
1043 3613 1125 3694 apud
1139 3613 1310 3673 Turcarum

220 3696 381 3759 Sultanum
396 3700 460 3759 eius
473 3695 671 3773 cubicularii,
691 3697 745 3778 qui
768 3694 905 3756 Thiodar
931 3709 984 3758 aut
1003 3695 1163 3756 Trohadar
1181 3695 1310 3777 appella·

220 3789 285 3841 tur.
328 3783 359 3843 ls
373 3784 455 3843 caim
470 3790 501 3841 ct
513 3784 594 3840 intra
608 3778 725 3839 Sultani
740 3777 914 3840 albiculum
926 3791 1019 3841 noctu
1034 3778 1172 3840 excubias
1195 3782 1256 3860 agit
1279 3789 1311 3839 et

219 3860 356 3944 pluriam
370 3863 486 3925 Saltani
501 3874 614 3925 vestem
629 3872 737 3943 gestat,
749 3871 785 3922 ut
794 3859 1031 3940 παρακείμενος,
1047 3884 1125 3946 quae
1136 3882 1309 3922 scaraman-

218 3945 304 4030 gium
316 3958 455 4010 vocatia.
498 3945 545 4006 Ac
559 3955 672 4005 norunt
685 3964 799 4021 munes,
820 3947 873 4027 qui
896 3947 1022 4007 Portam
1042 3945 1184 4007 viderunt
1203 3945 1311 4006 Ostra«

218 4033 338 4109 nicam,
364 4051 427 4091 non
440 4030 600 4090 Sultauum
613 4027 704 4089 modo
717 4030 855 4090 comitari
869 4029 1108 4106 uibicularium,
1130 4029 1182 4110 qui
1202 4048 1307 4088 sereno

261 4134 340 4197 oque
352 4110 436 4174 caelo
450 4111 690 4195 scaramangium
710 4113 775 4173 eius
792 4123 900 4195 gestau
920 4112 973 4174 scd
988 4133 1094 4173 omncs
1108 4115 1197 4172 etiam
1213 4112 1308 4193 quoti·

242 4199 268 4258 ic
282 4199 389 4261 Bassos
410 4207 441 4289 ct
455 4198 570 4282 Begos,
591 4197 838 4282 quotiescumque
851 4218 906 4280 per
920 4194 1027 4258 urbem
1043 4196 1081 4257 ad
1094 4206 1213 4278 portam
1228 4194 1308 4275 equi·
1355 4240 1358 4247 .
