3000 4742
483 237 767 304 nunonrsnuu
797 240 837 300 n.
858 240 911 308 ει.
1149 208 1235 323 493

158 399 320 486 γενήσεται
338 387 434 478 dido,
465 385 506 459 dr
525 393 681 478 nerbpods
700 387 783 474 έμοί.
824 391 925 456 ταῦτα
945 391 982 456 di
1001 384 1078 473 δμῖν
1097 380 1119 477 ἢ
1138 389 1379 476 orins-&Catii

159 484 216 590 p'oo
233 495 380 582 πράττειν
408 488 430 578 ἢ
449 493 496 568 εἰς
515 489 573 577 τόν
593 488 764 576 ὑστεραίαν
785 489 919 568 ῖξέσται.
958 485 1016 555 uir
1042 486 1101 574 γὰρ
1123 489 1180 555 sos
1200 489 1240 555 oi-

159 605 292 683 ναγκαῖα
313 594 507 678 λογιζόμενοι
524 591 728 677 ὖπέρθησθε,
747 588 856 653 οὐκέθ’
875 584 991 668 δμοίως
1009 587 1160 674 εόρὴσετε
1178 592 1240 671 βα-

159 696 248 762 σιλέα
279 692 390 781 ῥᾴδιον
416 687 494 777 πρός
522 686 580 766 τός
606 686 813 771 καταλλαγάς.
865 683 924 752 triv
948 682 1007 770 γὰρ
1029 684 1070 751 ταὶ
1087 684 1240 773 χρήματα

138 793 293 880 ὅδιαδοδῇ
313 798 378 867 τοῖς
394 791 568 875 τριηρίταις
588 790 730 863 καὶτοῖς
749 777 857 863 ἄλλοις
876 779 1093 871 μισθοφόροις,
1114 785 1148 849 ui
1161 788 1267 869 μέλ-Β

157 901 249 960 λουσι
277 892 335 955 rud
357 889 514 972 χειμῶνος
533 887 621 970 ὑμεῖς
639 891 832 971 πολιορκεῖν,
860 879 883 949 ό
909 881 981 950 νονί
1005 881 1156 966 βασιλεός
1178 887 1240 967 μὲν

157 991 302 1057 ἐκέλευσε
330 985 509 1052 διαδιδόναι
535 993 600 1061 τοῖς
628 982 774 1066 ταμίαις,
807 982 868 1066 syci
890 983 927 1048 δέ
946 981 1089 1049 έκαόλοσα
1109 981 1242 1049 τουτωνὶ

157 1090 222 1153 τῶν
241 1084 342 1170 λόγων
360 1084 466 1167 ἕνεκα,
488 1086 615 1150 δέδοικα
636 1080 681 1167 μὴ
704 1076 742 1147 οὗ
764 1081 974 1167 προσδέξηται
993 1080 1051 1167 τὴν
1071 1082 1240 1170 πρεσβειόιν

157 1181 238 1268 μετὰ
258 1186 370 1265 ταῦτα,
390 1180 589 1267 λογιζόμενος
605 1174 709 1267 ὥσπερ
724 1176 818 1263 εἰκός,
838 1178 882 1257 ὥς
902 1180 1136 1267 παραστήσεται
1155 1181 1240 1264 ὑμεῖς

122 1287 194 1356 ιοέν
213 1279 421 1369 ἀνδραπόδων
438 1281 546 1369 μοίρρ,
566 1274 661 1369 ἄχρις
682 1272 722 1346 όν
741 1273 759 1343 ό
776 1275 893 1366 χρόνος
911 1280 967 1364 τῆς
984 1275 1239 1367 μισθοφορᾶςᾶ-

157 1385 306 1471 κελαδῇ,
327 1381 384 1446 καί
407 1379 448 1447 τοὶ
468 1379 619 1466 χρήματα
647 1373 846 1464 ἀπολήψεται
873 1375 951 1463 πρὸς
969 1387 1032 1455 τοῖς
1051 1382 1108 1445 νῦν
1127 1379 1239 1447 καὶτὰ

157 1479 313 1570 πρότερον
332 1476 530 1563 όναλαμένα.
569 1475 614 1558 σός
633 1471 689 1546 σόν
709 1478 887 1562 α’ναγκαιόιν
906 1476 980 1564 πέρι
1005 1479 1154 1565 ἐσομένης
1180 1482 1239 1566 τῆς

157 1583 273 1665 βουλῆς
298 1580 353 1645 καί
377 1579 490 1666 τριβὴν
508 1581 564 1647 τοῦ
583 1577 701 1666 χρόνου
732 1571 790 1643 eds
821 1575 1046 1660 ἐνδεχομένου,
1065 1575 1187 1660 ταχέας
1203 1601 1238 1645 τε

114 1676 116 1679 ’
158 1673 251 1745 adrui
268 1676 457 1762 βουλεύεσθε
476 1676 533 1745 καί
545 1675 676 1765 ἡμῖνκαὶ
689 1677 922 1761 βεβουλευμένα
940 1674 1082 1760 γνώριμα
1092 1678 1241 1743 ποιεῖτε”.

122 1781 303 1847 ιόΤοιαῦτα
321 1781 382 1860 μέν
402 1781 554 1857 Λατινοις
585 1775 602 1843 ό
623 1783 722 1862 μέγας
742 1778 924 1858 δομέστικος
943 1773 1109 1840 ὑπετίθετο
1129 1782 1242 1842 ποιεῖν.

158 1874 309 1956 Νιζιαόν
329 1878 365 1942 δὲ
384 1877 428 1955 σός
447 1869 561 1965 ἤκουσε
580 1875 732 1964 περὶτοῦ
751 1875 960 1961 παρελθόντος
981 1870 1093 1959 ἦνιᾶτο
1110 1870 1270 1971 χρόνουρρ

156 1969 207 2041 ότι
224 1976 270 2060 μή
292 1976 444 2064 πρότερον
462 1978 588 2066 μεγόλιρ
603 1976 774 2064 δομεστιλιρι
790 1978 979 2059 συνεγένετο·
999 1967 1023 2060 ἦ
1042 1972 1103 2059 γὰρ
1122 1966 1162 2039 όν
1178 1974 1242 2039 αδ-

156 2073 210 2152 τός
229 2098 265 2140 τε
284 2079 407 2143 πολλῶν
426 2077 614 2169 ἀπήλλακτο,
626 2075 729 2142 κακοῖν
749 2076 806 2140 κατ’
822 2082 888 2151 τοῖς
908 2067 1015 2150 ἄλλοις
1035 2071 1134 2150 αἴτιος
1147 2074 1241 2138 κατέ-

156 2193 225 2258 στη.
264 2167 352 2255 ὅμως
376 2177 485 2258 μέντοι
519 2173 655 2264 ἔφασκε,
696 2173 736 2239 τό
775 2175 836 2257 μὲν
865 2175 1054 2258 γεγενημένα
1080 2171 1240 2239 dratinus

117 2272 215 2341 soson
241 2265 323 2338 εἶναι
351 2275 494 2341 δυνατόν.
547 2276 613 2341 δεῖν
642 2275 678 2340 δὲ
709 2270 836 2340 οἴεσθαι
869 2274 916 2348 εἰς
937 2269 1087 2343 Φώκαιαν
1105 2269 1241 2339 ἐλθόντα

156 2369 213 2436 καί
230 2380 294 2449 τοῖς
308 2365 414 2451 ἄλλοις
432 2375 530 2461 δήλην
546 2374 601 2462 τὴν
614 2371 732 2460 βουλὴν
744 2382 855 2454 ποιεῖν,
876 2369 932 2437 καὶ
948 2373 982 2448 ές
993 2372 1051 2457 τήν
1067 2368 1241 2456 δστεραίαν

155 2466 312 2561 ἐλθόντα,
339 2468 479 2539 όποῖσιν
500 2466 539 2540 όν
566 2476 655 2562 κοινῇ
684 2471 801 2553 δόξειεν
833 2473 1056 2556 ἀπαγγέλλειν.
1097 2472 1153 2537 καί
1170 2471 1243 2538 ἐπεὶ

155 2569 364 2658 ἐπετέτραπτο
373 2623 384 2656 ,
405 2573 451 2650 εἷς
480 2570 632 2640 Φώκαιαν
645 2571 775 2655 ἐλθόν,
796 2572 952 2661 Ντεείρδρι
972 2597 1006 2638 τε
1018 2568 1076 2639 καί
1089 2579 1154 2650 τοῖς
1173 2578 1240 2638 λοι-

230 2690 274 2747 st.
308 2689 384 2744 Idem
398 2693 447 2764 qui
464 2709 545 2764 supra
563 2690 755 2764 Nrovuoipdot·
791 2692 852 2746 El).
860 2694 896 2752 1².

161 2785 266 2840 bellum
289 2807 337 2845 vus
360 2795 530 2859 mactaverit,
557 2811 589 2846 se
613 2794 727 2848 forsitan
754 2792 937 2847 deterioribus
955 2793 1098 2849 mactabit:
1127 2801 1155 2847 et
1172 2800 1240 2865 quot

156 2859 276 2911 vicissim
293 2858 365 2914 bons
382 2864 459 2916 robis
478 2882 531 2934 ραι
548 2865 754 2937 suppeditatum
771 2865 823 2927 sit,
849 2866 873 2917 si
890 2881 934 2917 me
951 2864 1119 2918 audiveritis.
1156 2864 1241 2933 Quod
1354 2884 1357 2891 ·

157 2926 249 2981 autem
267 2932 384 2996 suadeo,
401 2933 431 2986 id
448 2935 491 2986 rel
508 2933 609 2998 hodie,
632 2936 676 2989 vel
699 2951 756 2988 cros
784 2935 896 3004 exsequi
919 2936 1055 3004 poteritis.
1090 2935 1198 2989 Etenim
1215 2934 1241 2986 si

157 3001 238 3068 quasi
256 3018 312 3054 nou
331 3006 511 3056 necessarium
530 3005 708 3069 distuleritis,
728 3006 919 3074 imperatorem
937 3002 1039 3058 deinde
1063 3005 1097 3058 ad
1115 3005 1240 3057 reconci-

155 3068 301 3123 liationem
318 3090 375 3125 non
393 3072 505 3143 perinde
524 3083 679 3144 promptum
697 3076 853 3128 invenietis.
895 3075 964 3126 Num
988 3077 1012 3128 si
1033 3075 1171 3145 stipendia
1194 3091 1241 3126 re·

155 3140 275 3208 migibus
292 3150 320 3194 et
333 3144 395 3195 aliis
412 3147 596 3206 mercenariis,
613 3145 661 3217 qui
677 3163 725 3199 ros
743 3160 794 3215 per
810 3145 929 3199 hiemem
944 3143 1121 3207 obsidebunt,
1137 3161 1238 3198 nume-

156 3218 216 3262 rata
232 3212 352 3277 luerint,
370 3230 441 3284 quac
459 3216 513 3266 iam
540 3216 731 3287 quaestoribus
749 3216 909 3287 imperavit,
928 3234 977 3287 rgo
994 3233 1058 3269 vero
1076 3225 1238 3287 propterea

157 3296 227 3350 quac
254 3282 330 3348 dixi,
353 3300 389 3337 ne
417 3283 515 3337 darent
539 3284 689 3354 prohibui,
713 3288 799 3340 timeo
823 3305 858 3341 nc
876 3296 972 3356 posteo
996 3287 1160 3358 legationem
1179 3302 1237 3339 non

157 3349 300 3418 admittat,
330 3354 401 3408 iliud
423 3371 513 3407 secum
541 3364 668 3426 reputans
686 3363 719 3408 ut
735 3364 778 3409 est
794 3357 936 3422 credibile,
953 3374 1032 3427 posse
1048 3373 1095 3410 ros
1115 3356 1150 3411 ad
1168 3373 1236 3409 con-

157 3419 289 3475 ditionem
307 3426 505 3495 mancipiorum
522 3425 654 3497 redigere,
672 3426 737 3479 dum
755 3435 860 3513 tempus
877 3428 1000 3482 merendi
1020 3436 1114 3492 exeat,
1132 3435 1236 3480 etcum

156 3490 253 3556 modo,
273 3503 330 3547 tum
348 3497 415 3548 alias
434 3497 584 3567 impensam
601 3499 745 3567 pecuniam
764 3515 894 3568 recipere.
928 3501 1024 3571 ltaque
1042 3508 1073 3551 ut
1090 3497 1125 3550 de
1142 3513 1237 3550 neces·

157 3561 235 3643 soriis
249 3562 455 3644 deliberaturi,
488 3575 517 3620 et
542 3575 664 3638 ternpore
689 3585 776 3621 moras
795 3587 851 3622 non
872 3570 995 3633 serente,
1020 3568 1237 3690 quamprimum

157 3630 303 3686 contritum
320 3637 472 3699 celebrate,
491 3645 520 3689 et
536 3637 617 3691 nobis
636 3638 705 3710 quid
721 3641 872 3693 statueritis
890 3641 1078 3711 significatote.

157 3717 225 3769 gnus
246 3701 407 3760 domesticus
426 3709 535 3761 Latinos
561 3709 712 3762 admonuit.
747 3712 863 3764 loannes
887 3719 943 3763 tom
967 3728 1027 3764 sero
1051 3727 1080 3762 se
1105 3725 1166 3760 cum
1185 3707 1236 3760 illo

156 3770 186 3822 in
204 3772 413 3829 collocationem
434 3780 539 3831 venisse
558 3780 663 3833 doluit:
681 3781 775 3835 multis
785 3783 859 3834 enim
867 3782 990 3853 proiecto
1007 3781 1085 3832 malis
1103 3794 1194 3830 carere
1207 3784 1237 3831 et

157 3839 219 3893 aliis
244 3845 353 3898 carendi
374 3855 511 3901 auctorem
541 3867 600 3903 esse
621 3851 752 3921 potuisse.
796 3853 989 3905 Verumtamen
1014 3850 1162 3920 praeterita
1179 3866 1237 3901 non

157 3914 292 3967 revocari:
312 3924 434 3984 oportere
454 3927 546 3972 autem
565 3937 594 3973 se
608 3921 741 3989 postridie
759 3924 789 3975 in
807 3921 903 3975 urbem
921 3937 1066 3984 reversum,
1083 3920 1144 3971 aliis
1163 3936 1237 3991 quo-

156 3997 210 4065 que
228 3981 281 4037 boc
304 3983 425 4040 indicare
448 3992 593 4044 consilinm
620 3999 649 4044 ct
677 3993 801 4045 omnium
826 3993 975 4045 sententias
993 3991 1171 4043 communiter
1188 4005 1237 4041 ex-

155 4068 273 4122 quirere.
308 4054 454 4113 dnuuente
471 4076 567 4130 magno
586 4061 755 4125 domestico,
779 4060 927 4119 Phocaeam
945 4078 1089 4133 regressus,
1107 4058 1235 4114 Odnardo

155 4130 185 4175 et
200 4125 297 4180 ceteris
314 4125 382 4199 qnid
400 4129 425 4181 is
445 4132 598 4188 consuleret
616 4134 750 4205 esposuit.
793 4132 877 4204 Quod
902 4148 962 4186 cum
980 4141 1010 4187 et
1025 4133 1092 4204 ipsis
1109 4137 1141 4186 ut
1157 4130 1236 4202 opti-

1134 3638 1160 3689 ie
1176 3653 1236 3689 mr·
