3000 4742
276 266 357 351 302
674 286 952 352 emerammi

131 431 526 529 Δ,αι3ο8Ἀμβλυάπουδ
562 439 811 528 πρωτοστράτωρ
842 434 892 525 ἦν,
918 438 973 527 τὴν
992 431 1090 524 ditur
1119 435 1245 505 ἅπασαν
1271 428 1357 522 έχων

274 539 474 628 στρατιάνέν
489 535 595 614 ὅπλοις
624 541 910 625 παρατεταγμένην.
930 533 1015 602 οὕτω
1035 537 1074 623 δὴ
1093 537 1356 620 διακοσμήσαντες
1486 620 1487 631 ρ

253 638 333 725 ervis
353 636 521 725 στρατιάν,
541 629 637 724 ᾔεσαν
656 635 780 724 ἡσυχῇ,
801 632 886 713 ὅπως
906 634 950 722 μὴ
970 646 1035 714 τοῖς
1064 637 1278 724 φυλάττουσιν
1301 634 1355 701 αἴ·
1486 682 1487 719 ,

276 743 391 825 σθησιν
410 734 603 821 παράσχοιεν
620 731 681 799 eno*
697 739 760 799 τῶν
772 738 892 818 τειχῶν.
949 812 952 820 Ι

353 836 411 901 νθ.
455 831 493 900 Οἱ
508 834 567 915 μέν
582 824 638 899 οὖν
651 831 706 909 τάς
720 837 872 916 κλίμακας
884 830 1006 918 ἔχοντες
1020 835 1165 919 τέτταρες
1184 829 1240 897 καί
1257 829 1374 911 εἴκοσι5

272 931 423 1010 λαθόντες
437 931 512 1008 τοδς
531 932 695 1018 φύλακας,
727 930 846 1021 ῥᾳδίως
865 943 930 1008 τοῖς
950 935 1067 1015 τείχεσι
1082 934 1272 1016 προσέμιξαν
1296 932 1355 993 τοῦ

240 1027 242 1035 ’
274 1031 463 1118 Καμάριδος
477 1030 654 1117 ἡγουμένου
676 1029 756 1095 κατά
772 1029 848 1108 τινάς
869 1029 1066 1117 πράσσοντας
1077 1029 1135 1115 τὴν
1151 1026 1282 1094 άλωσιν.
1301 1027 1357 1092 καὶ

246 1133 344 1198 cenet
364 1118 477 1205 αάτάάς
492 1131 728 1216 προσδοκῶντας
742 1122 800 1192 adn
817 1120 858 1214 ἧν
877 1133 998 1211 λαθεῖν,
1010 1127 1067 1205 τάς
1085 1130 1239 1209 κλίμακας
1251 1127 1372 1191 duest:

272 1254 372 1296 κυσαν
393 1226 541 1313 ,καλώδια
570 1231 744 1309 καθιέντες,
772 1228 827 1291 καί
850 1224 913 1291 dno*
941 1229 1009 1293 τῶν
1036 1228 1193 1308 ἐπάλξεων
1223 1228 1353 1309 ἐξῆψαν.

273 1325 329 1393 καί
341 1323 370 1391 οἱ
389 1325 574 1391 δυοκαίδεκα
592 1328 714 1410 πρῶτον
732 1327 785 1411 ἐφ’
799 1320 950 1410 ἑκατέρας
966 1323 1115 1408 κλιμακος
1134 1325 1282 1409 ἀνῆλθον.
1290 1330 1388 1408 dor-10

273 1422 379 1502 σιλεάς
397 1427 432 1489 δὲ
448 1422 535 1487 auid
551 1422 650 1506 μέρος
678 1425 859 1504 δομέστικος
878 1418 945 1505 άμο
965 1419 1012 1500 οἷς
1030 1416 1123 1509 ἦγον,
1145 1422 1216 1487 ἐπεὶ
1238 1423 1354 1487 πανσέ-

272 1530 364 1609 ληνος
382 1517 423 1607 ἧν
442 1522 497 1587 καί
517 1522 537 1607 ἦ
553 1521 664 1606 σελήνη
680 1524 825 1608 διέφαινε
844 1526 1010 1608 λαμπρῶς,
1032 1520 1118 1605 ὅμως
1137 1521 1191 1586 διά
1213 1520 1270 1606 τὴν
1289 1522 1351 1585 άπὸ

270 1625 327 1707 τῆς
347 1619 536 1708 πληράσεως
554 1621 730 1707 μεταβολήν
744 1624 883 1708 νεφελάν
907 1622 943 1686 ori
963 1619 1095 1687 araeded
1114 1623 1253 1704 συνεχὲς,
1273 1617 1353 1685 άλλά

270 1722 505 1803 διεσπασμένως
529 1717 584 1782 τόν
604 1714 683 1805 άέρο
707 1715 950 1806 άποτρεχοοσῶν
961 1772 971 1804 ,
992 1714 1045 1784 ὅτε
1061 1722 1121 1803 μέν
1140 1709 1215 1804 ἦνῆ
1237 1719 1352 1805 νεφέλη

268 1825 337 1884 καί
351 1813 486 1899 nicode,
508 1815 652 1902 ἐβάδιζον
668 1813 731 1881 rino*
754 1821 795 1905 τῇ
813 1822 894 1908 σκιᾷ·
914 1816 1041 1884 ἐπειδάν
1056 1821 1093 1884 dd
1112 1818 1274 1903 παρέλθοι,
1294 1827 1387 1891 sco-15

269 1914 483 2000 τακλινὸμενοι
506 1919 551 1991 είς
576 1918 650 1999 γῆν,
683 1912 795 2002 ἑτέραν
816 1920 996 2005 περιέμενον
1021 1918 1164 2004 νεφέλην.
1185 1919 1240 1980 καί
1266 1912 1346 1980 οὕτω

269 2015 448 2100 βαδίζοντες
465 2012 543 2079 κατά
553 2013 675 2100 μικράν,
693 2007 793 2099 ἦλθον
806 2014 896 2100 ἒνγάς
908 2019 1028 2100 τειχῶν.
1045 2018 1115 2083 dnae*
1130 2017 1165 2079 δὲ
1185 2009 1260 2079 ὅσον
1279 2017 1349 2101 ἐφι-

237 2118 383 2180 Βκέσθαι
402 2112 481 2203 τόξιρ
505 2113 650 2197 άπεῖχον,
673 2112 778 2195 οἱμὲν
794 2111 857 2180 άπὸ
876 2117 939 2179 τῶν
958 2117 1072 2198 τειχῶν
1089 2115 1273 2197 αἰσθόμενοι
1289 2115 1351 2201 βοῇ

267 2237 302 2283 τε
319 2215 457 2300 ἐχρῶντο
483 2217 540 2277 καί
563 2214 755 2297 άλαλαμμοϊς
777 2217 832 2279 καί
849 2213 1046 2294 Βυζαντίους
1072 2212 1203 2279 ἐκάλουν
1228 2215 1284 2279 snt
1306 2215 1345 2280 τά

266 2309 370 2396 τείχη,
400 2310 444 2389 ὥς
467 2311 632 2398 παρόντων
656 2315 823 2395 πολεμίων·
841 2311 870 2378 οῖ
888 2315 923 2378 δὲ
949 2310 1069 2390 ἔξωθεν
1096 2314 1275 2399 ἐπέδραμον
1298 2312 1384 2381 inico

266 2408 325 2486 τάς
357 2414 508 2493 κλιμακος
537 2411 741 2497 άφειδοῦντες
767 2404 829 2498 ἤδη
853 2415 915 2478 τάν
938 2409 1073 2500 ψόφων,
1100 2410 1145 2488 oie
1171 2416 1235 2477 τάν
1256 2412 1347 2478 ἔνδον

155 2562 156 2571 ,
266 2510 455 2597 ᾐσθημένων
460 2563 471 2593 ,
491 2507 546 2574 καί
558 2512 627 2575 inei
647 2511 787 2593 ἐγένοντο
805 2514 840 2578 ἐν
855 2511 977 2593 αὐτοῖς,
999 2506 1093 2587 adeda
1111 2536 1146 2575 τε
1164 2507 1182 2575 ὅ
1201 2508 1348 2593 βασιλεάς

268 2607 486 2694 προάθυμεϊτο
515 2611 636 2695 πρῶτος
663 2604 845 2693 άναβαίνειν
877 2606 1011 2674 καὶτὸν
1039 2611 1140 2694 μέγαν
1170 2611 1347 2691 δομέστικον

269 2791 436 2846 continebat.
484 2792 530 2845 Sic
555 2793 647 2863 itaque
675 2792 815 2862 dispositis
840 2791 942 2864 copiis,
969 2792 1080 2846 silentio
1095 2790 1350 2863 progrediebantur,

267 2880 304 2917 ne
319 2881 335 2915 a
351 2864 487 2915 moenium
506 2862 664 2915 custodibus
685 2863 856 2919 audirentur.

338 2935 353 2987 5
416 2932 472 2999 Qui
491 2934 573 3003 igitur
597 2933 679 2984 scalas
706 2931 863 2996 habebant,
889 2938 1005 3004 quatuor
1032 2939 1060 2984 et
1081 2932 1195 3002 viginti,
1222 2932 1347 2986 fallentes

258 3011 345 3056 custo
366 3020 407 3065 es,
432 3003 515 3055 facile
533 3003 566 3055 ad
592 3019 698 3057 murum
721 3003 839 3056 Camuris
857 3003 939 3056 ductu
967 3002 1089 3071 proxime
1112 3011 1282 3055 accesserunt
1306 3020 1370 3067 eo,¹

268 3073 317 3124 ubi
335 3076 455 3142 ipsorum
472 3072 588 3125 studiosi
606 3072 794 3135 excrrbabant,
819 3091 835 3125 a
854 3072 964 3143 quibus·
979 3072 1117 3141 agebatur,
1135 3079 1167 3125 ut
1186 3071 1249 3124 urbs
1268 3090 1348 3142 cape-

244 3148 256 3194 ’.
268 3150 350 3194 retur.
370 3143 404 3193 Et
423 3144 487 3211 quia
504 3142 593 3212 ipsos,
612 3151 707 3212 utpote
726 3151 929 3213 exspectantes,
948 3142 1034 3193 latere
1051 3159 1107 3193 non
1124 3143 1260 3212 poterant,
1274 3160 1347 3196 sum-

268 3213 358 3263 missis
378 3211 507 3275 funibur,
534 3230 602 3281 quos
620 3229 653 3264 ex
671 3213 764 3281 pinnis
789 3230 927 3265 murorum
944 3220 1116 3282 aptaverant,
1142 3213 1225 3264 scalas
1244 3229 1348 3265 sursum

267 3279 456 3332 attrahebant:
481 3282 519 3333 ita
540 3281 684 3334 duodecim
711 3283 753 3334 itti
772 3286 910 3355 utrimque
936 3283 1018 3351 primi
1036 3281 1223 3334 ascenderunt.
1258 3284 1348 3353 Impe-

269 3357 343 3402 rator
368 3357 458 3400 autem
477 3358 628 3420 etmagnus
647 3352 810 3404 domesticus
829 3366 889 3405 eum
909 3354 965 3405 anis
984 3352 1123 3414 centuriis,
1140 3355 1261 3423 quamvis
1282 3354 1347 3405 luna

266 3420 350 3490 pleno
369 3419 471 3471 lumine
488 3427 545 3471 tum
564 3421 684 3487 luceret,
707 3430 799 3473 tamen
818 3431 929 3491 propter
948 3421 1092 3473 densarum
1111 3423 1347 3491 interpositionem

267 3487 384 3541 nubium
401 3505 458 3540 non
486 3489 671 3555 continenter,
696 3491 745 3543 sed
764 3493 875 3561 sparsim
901 3510 933 3544 ae
959 3490 1085 3543 divulsim
1113 3492 1219 3543 coelum
1240 3504 1348 3562 perme-

268 3560 391 3621 antium,
409 3557 517 3628 quando
536 3559 583 3610 iux
601 3561 803 3628 occultabatur,
821 3560 873 3612 rub
891 3561 1013 3614 tenebris
1032 3560 1212 3615 incedebant:
1237 3562 1346 3633 quando

268 3630 328 3681 eius
345 3637 467 3696 aspectus
485 3628 665 3693 reddebatur,
683 3631 844 3684 recubantes
862 3628 954 3695 humi,
974 3632 1054 3683 aliam
1074 3632 1195 3695 nubem,
1214 3649 1283 3702 quae
1301 3633 1345 3683 lu-

266 3716 330 3752 nam
347 3706 469 3769 tcgeret,
497 3699 701 3768 exspectabant.
737 3700 783 3753 Sic
808 3703 907 3753 sensim
924 3700 1093 3769 gradientes,
1118 3702 1262 3754 moenibus
1282 3718 1344 3755 suc-

267 3776 420 3821 cesserunt:
440 3785 456 3820 a
475 3769 576 3837 quibus
595 3768 683 3822 adhuc
701 3771 806 3839 spatio,
825 3788 878 3891 pao
897 3772 982 3823 tetum
1006 3771 1078 3842 adigi
1098 3778 1204 3841 potest,
1226 3780 1345 3824 remotos
1407 3785 1415 3801 ⁹

196 3838 198 3845 ’
267 3840 416 3891 sentientes
434 3840 524 3909 quiin
542 3856 620 3891 muro
639 3848 725 3903 erant,
742 3842 823 3893 incon
844 3842 896 3892 itos
915 3842 1044 3894 clamores
1065 3843 1241 3903 sustulerunt,
1261 3844 1346 3895 cives·

267 3926 321 3980 que
339 3907 373 3960 ad
390 3911 508 3972 moenia,
520 3917 552 3961 ut
562 3907 687 3962 hostibus
704 3910 901 3981 praesentibus,
920 3912 1092 3966 advocarunt.
1109 3911 1166 3981 Qui
1177 3911 1240 3963 foris
1260 3918 1346 3973 erant,
1430 3908 1436 3919 ’

270 3977 306 4029 ad
322 3979 423 4041 scalas,
448 3997 504 4032 non
521 3982 576 4032 iarn
593 3986 717 4034 caventes
735 3983 893 4045 tumultum,
909 3989 1005 4050 utpote
1029 3982 1064 4033 ab
1082 3981 1224 4050 oppidanis
1246 3980 1345 4043 auditi,

265 4048 449 4101 accurrebant.
473 4051 580 4103 Interea
597 4051 745 4122 imperator
761 4054 820 4123 ipse
838 4053 963 4119 alacriter
979 4053 1082 4121 primus
1099 4051 1271 4114 ascendebat,
1287 4066 1345 4101 ma-

265 4134 402 4191 gnumque
420 4117 597 4172 domesticum
625 4120 660 4173 ad
685 4122 855 4192 sequendum
879 4121 1055 4175 hortabatur:
1083 4128 1173 4185 ratus,
1199 4123 1222 4172 si
1244 4122 1297 4193 ipsi
1314 4122 1344 4172 in

265 4203 355 4245 muros
383 4188 543 4255 evasissent,
570 4191 675 4247 etiamsi
699 4193 760 4265 quis
787 4192 908 4247 bostium
934 4199 1026 4245 cantra
1051 4191 1121 4255 iret,
1147 4206 1203 4245 uon
1232 4204 1345 4244 ausuros
1375 4238 1385 4249 ,
