3000 4742
470 303 754 375 moronuauu
781 292 823 369 ir.
844 303 897 372 eo.
1138 222 1228 394 d89

146 454 224 543 ύμλν
249 456 328 524 πάσι
357 459 399 524 δι’
425 450 524 543 ὅρκων
544 460 666 546 αἵρεσιν
690 462 876 545 προθεῖναι,
913 451 1109 543 ἢμένυντας
1139 455 1374 557 &nied-mm

130 550 260 641 'sargos
279 555 446 640 πολεμίους
465 556 554 644 αύτῷ
571 580 607 623 τε
627 553 710 623 εἶναι
729 554 785 622 καὶ
807 557 852 646 τῷ
882 558 974 644 κοινῷ
992 558 1025 621 Γ
1020 556 1150 634 εννούας
1155 605 1167 639 ,
1204 551 1227 642 ἢ
1380 550 1384 559 ’

145 652 207 738 ἔξω
224 657 407 740 γενομένους
425 659 480 722 καί
497 655 727 734 καταλιπόντας
744 652 847 738 ύμάς,
873 654 919 740 μη
940 654 1039 737 μόνον
1059 657 1147 742 παρὰ
1166 660 1228 739 βα.

146 759 257 833 σιλέως
280 762 387 837 τυχεῖν
413 754 595 841 συγγνώμης
622 757 678 822 καὶ
703 754 875 842 ἀμνηστιλις
902 744 949 820 οἷν
969 752 1261 840 δξημαρτὴκασιν,ῃ

124 850 226 925 oilli
248 857 303 919 καί
320 850 406 940 παρά
432 858 477 942 τῷ
496 857 587 943 κανῷ
606 858 637 920 Γ
635 854 762 931 εννσύας
788 852 941 939 ἀζημίους
960 847 1053 935 εἶναι,
1073 856 1231 935 βασιλέως

144 953 202 1041 τῆν
221 948 332 1020 ἀδειαν
351 958 604 1040 παρασχομένου.
645 948 720 1041 ὅπερ
744 949 794 1020 ὅτι
813 953 947 1031 πολλούς
965 956 1030 1020 τάν
1048 955 1126 1036 ύμῖν
1146 977 1231 1035 συμ-

144 1055 415 1140 πολιορκουμένων
433 1051 534 1120 πείσει
562 1053 751 1139 ἀποστῆναι,
784 1046 852 1117 οὔδ’
875 1047 972 1131 αύτδς
1000 1046 1137 1137 ἀγνοεῖς.
1177 1045 1230 1118 δτι

145 1153 251 1216 τοίνυν
281 1153 316 1227 a}
335 1149 436 1237 ἀρχῆς
454 1176 490 1218 τε
510 1147 548 1218 ού
569 1152 676 1218 δίκαια
695 1153 857 1230 ποιούντες
874 1148 927 1217 τὸν
946 1152 1079 1234 πόλεμον
1107 1147 1230 1236 κεκινη-

146 1272 220 1314 κατε
238 1246 371 1331 τουτονί,
393 1254 453 1317 νύν
471 1274 504 1317 τε
524 1254 588 1317 τῶν
603 1247 795 1338 πραγμάτων
814 1250 963 1325 ἐναντίως
980 1243 1001 1335 ἢ
1021 1244 1113 1316 edroi
1131 1270 1230 1337 προσ-

110 1349 274 1420 ισεδοκάτε
292 1347 523 1433 χωρησάντων,
558 1344 597 1415 ού
625 1347 724 1433 μόνον
743 1349 897 1439 ἀβουλίας
923 1346 979 1414 καί
1008 1341 1231 1425 ἀσυνεσίαςδ-

148 1451 242 1533 plote
261 1445 446 1534 κατηγορίαν
452 1498 463 1529 ,
484 1442 566 1514 ἀλλά
586 1450 641 1514 κατ’
660 1450 695 1515 έν
714 1446 863 1532 δσχύτοις
881 1450 1048 1533 κατέστητε
1066 1447 1229 1530 κινδύνοις,

146 1546 211 1609 πού
237 1548 395 1622 λυσιτελές
414 1540 437 1632 ἢ
456 1549 703 1637 σωφρονούντων
730 1542 811 1624 ὅλως
831 1545 1026 1634 ἀνθρώπων,
1059 1543 1104 1632 μῆ
1130 1569 1229 1629 μετα-

146 1640 364 1739 βουλεύεσθαι
379 1643 455 1732 neos*
479 1650 543 1713 τῶν
559 1650 676 1725 ’κακῶς
706 1647 963 1733 βεβουλευμένων
989 1644 1046 1712 καί
1071 1643 1229 1734 σωτηρίαν

146 1741 218 1810 τινά
236 1740 344 1820 αὐτοῖς
363 1747 399 1810 έκ
416 1747 480 1812 ταῖν
497 1745 629 1814 ἐνόντων
654 1746 847 1835 ἐκπορίζειν,
867 1742 968 1812 ’ἀλλά
999 1743 1053 1812 δαὶ
1095 1753 1318 1834 peiores-*PM

111 1843 222 1917 15xs‘cv
240 1846 295 1909 καί
314 1842 499 1922 ἀλαζονείαν
519 1847 594 1911 νοῦν
613 1846 670 1911 ούκ
690 1843 829 1929 ἔχουσαν
849 1844 966 1922 αύτούς
980 1869 1016 1910 τε
1033 1844 1233 1912 ἀπόλλυσθαι

149 1944 252 2020 κακῶς
271 1940 326 2008 καὶ
342 1953 409 2020 τοῖς
429 1944 552 2022 οἰκείοις
570 1945 608 2010 σύ
628 1944 736 2011 πενίαν
751 1942 849 2029 μόνον
864 1943 921 2010 καί
939 1944 1147 2033 ἀποστέρησιν
1166 1949 1231 2014 τοῖν

150 2034 265 2125 ὅντων,
299 2040 378 2107 ἀλλά
404 2042 459 2109 καὶ
486 2039 615 2121 ἀδοξίαν
642 2047 890 2131 προστρίβεσθαι
912 2044 967 2109 διά
987 2046 1082 2127 βίους
1112 2036 1173 2128 δγά
1194 2045 1233 2110 δέ

149 2140 338 2207 καὶτούτων
359 2138 505 2208 ἀνιέντων
532 2146 632 2231 χωρίς
659 2144 807 2226 ούδαμοδς
827 2144 1051 2209 λυσιτελοῦντα
1077 2139 1134 2209 τδν
1153 2139 1232 2230 πρὸς

147 2243 282 2322 βασιλέα
305 2238 441 2324 πόλεμον
467 2241 541 2326 ύμῖν
570 2243 741 2330 ἀποφανοῖ.
782 2245 813 2310 εἰ
837 2242 897 2330 γάρ
929 2245 985 2309 καί
1009 2241 1088 2328 μήτε
1115 2234 1231 2336 δπλοις,

109 2338 230 2425 ,ομήτε
248 2342 346 2429 λιμῷ,
364 2338 445 2426 μηθ’
464 2337 557 2434 ἑτέρα
575 2346 707 2431 ’μηχανῇ
726 2367 789 2409 τινι
810 2339 1077 2431 παραστήσασθαι
1097 2338 1232 2428 δυνησό-

146 2443 233 2520 μεθα
252 2435 356 2525 ύμᾶς,
376 2441 447 2507 οὐδ’
465 2439 548 2509 ούτω
568 2439 605 2508 τὸ
627 2447 865 2529 πολιορκεῖσθαι
885 2442 1113 2525 λυσιτελήσειεν
1131 2436 1172 2505 ἀν
1190 2438 1231 2505 ύ-

146 2546 213 2619 μῖν.
235 2540 360 2625 πρῶτον
377 2544 438 2624 μὲν
455 2538 515 2629 γάρ
534 2541 591 2608 οάκ
609 2540 665 2609 ἐπὶ
682 2545 727 2632 τῷ
746 2544 897 2628 διηνεκῶς
915 2542 1152 2626 πολιορκεῖσθαι
1170 2537 1228 2604 κατ’

148 2636 251 2725 ένδείρ
271 2641 326 2705 καὶ
342 2649 408 2717 τοῖς
427 2635 534 2721 ἀλλοις
560 2650 626 2721 τοῖς
643 2638 679 2708 έκ
697 2645 756 2707 τού
775 2645 914 2725 πολέμου
939 2648 1047 2718 κακαῖς
1066 2641 1255 2717 utilradum

150 2795 267 2850 obsessis
285 2799 410 2853 omnibus
434 2801 547 2854 alterius
569 2802 710 2871 optionem
728 2818 788 2856 esse
813 2801 931 2865 iuratis,
954 2806 1002 2854 ant
1025 2800 1098 2851 intra
1123 2799 1234 2850 moenia

151 2875 309 2932 manentes,
327 2870 380 2937 ipsi
398 2877 426 2922 et
445 2871 631 2924 Genneneium
650 2874 818 2942 reipublicae
836 2871 928 2924 hostes
943 2866 1056 2923 haberit
1075 2875 1123 2920 unt
1141 2884 1234 2936 egre·-

152 2954 196 2989 sos
214 2945 243 2989 ct
260 2954 276 2989 a
292 2938 370 2991 vobis
387 2940 553 3004 secedentes,
570 2960 626 2995 nou
644 2943 679 2994 ab
697 2947 734 2996 im
755 2951 860 2996 eratorc
875 2941 1017 2994 dumtaxat
1029 2939 1233 2993 commissorum

149 3008 257 3061 veniam
278 3016 307 3061 et
324 3007 493 3081 ἀμνηστίαν,
510 3010 558 3065 sed
575 3013 658 3065 etiam
676 2961 753 3083 apud
771 3028 913 3065 commune
931 3010 1119 3063 Genuensium
1140 3010 1233 3078 impu-

150 3079 268 3131 nitatem
286 3079 345 3131 eius
370 3083 530 3134 auctoritate
548 3083 685 3154 consequi.
721 3081 805 3153 Quod
825 3099 906 3153 quam
924 3082 1018 3134 multis
1042 3081 1117 3133 inter
1136 3078 1233 3130 obses-

150 3164 194 3200 sos
212 3147 248 3200 ad
266 3149 448 3203 defectionem
466 3153 643 3205 incitamento
660 3154 783 3206 futurum
801 3154 855 3216 sit,
876 3170 932 3207 non
951 3161 979 3206 te
997 3151 1075 3221 iugit-
1112 3147 1232 3219 Quando

152 3221 236 3289 igitur
254 3229 282 3272 et
299 3219 334 3272 ab
353 3221 436 3274 initio
454 3231 561 3292 praeter
579 3223 618 3275 ias
636 3221 690 3276 hoc
707 3223 811 3275 bellum
829 3223 995 3275 suscitastis:
1014 3229 1043 3274 et
1059 3235 1132 3273 nune
1149 3217 1232 3272 rebus

149 3299 244 3342 contra
267 3307 342 3359 spem
369 3291 529 3344 cadentibus
547 3308 603 3345 non
621 3295 798 3363 insipientiae
816 3293 903 3346 solum
921 3293 1107 3363 audaciaeque
1124 3290 1232 3360 eulpam

149 3362 305 3422 sustinctis,
332 3377 425 3413 rerum
447 3364 530 3415 etiam
553 3365 583 3415 in
606 3366 793 3435 gravissimum
809 3364 956 3417 discrimen
982 3362 1149 3425 deveniatis,
1181 3361 1232 3430 qut

111 3421 123 3446 ‘
150 3429 260 3482 taudem
285 3431 436 3496 conducet,
462 3441 510 3486 aut
533 3435 670 3506 quomodo
695 3443 787 3487 mente
805 3452 854 3487 sua
871 3436 1054 3488 conetantinm
1073 3434 1143 3494 crit,
1159 3430 1232 3483 mala

150 3501 264 3553 consilia
281 3520 336 3555 non
354 3510 508 3572 permutare
526 3505 686 3559 melioribus
711 3513 740 3558 et
763 3504 869 3577 aliquid
889 3504 955 3558 inde
974 3503 1009 3556 ad
1033 3503 1149 3555 salutem
1167 3499 1232 3553 ido·

149 3586 234 3622 neum
252 3572 366 3627 elicere:
383 3575 432 3629 sed
449 3592 499 3645 per
515 3575 642 3629 stolidam
663 3578 868 3630 contentionem
886 3584 916 3629 et
930 3575 1112 3646 arrogantiam
1130 3577 1232 3624 semet-

149 3642 224 3709 ipsos
241 3642 281 3692 ire
298 3644 452 3713 perditum,
480 3654 508 3697 et
527 3648 690 3718 propinquis
709 3666 740 3700 ac
760 3647 919 3700 necessariis
939 3664 996 3699 non
1013 3645 1135 3713 inopiam
1153 3647 1182 3693 et
1199 3656 1231 3692 a·

52 3772 59 3783 .
150 3711 308 3763 missionem
325 3714 480 3768 facultatum
498 3717 686 3770 tantummodo
704 3735 818 3788 parere,
844 3734 937 3771 rerum
955 3716 1037 3770 εἰναι
1054 3711 1232 3782 ignominiam

86 3846 88 3855 Ι
148 3789 312 3903 perpetuam
329 3784 454 3840 inurere?
492 3787 588 3842 Adhuc
605 3797 714 3858 praeter
735 3788 840 3841 isthaec
863 3790 956 3843 omnia
981 3801 1042 3838 cum
1067 3785 1231 3853 imperatore

170 3853 254 3903 ellum
271 3851 378 3918 ducere,
396 3874 568 3930 nequaquam
586 3859 663 3913 robis
681 3859 811 3929 prodesse
828 3858 976 3911 ostendam.
1012 3856 1071 3907 Etsi
1088 3855 1161 3906 enim
1178 3868 1231 3904 ne·

151 3939 205 3992 que
223 3923 320 3985 armis,
339 3941 427 3995 neque
445 3930 531 3993 same,
555 3932 716 4001 nequeatis
734 3930 850 4001 quadam
871 3931 915 3979 vin
933 3926 967 3979 ad
985 3925 1155 3978 deditionem
1180 3938 1230 3975 ros

150 3994 313 4061 compellere
331 3999 493 4062 poterimus,
516 4008 607 4053 tamen
624 4019 660 4054 nc
677 4002 717 4054 sic
734 3999 845 4071 quidem
863 3998 941 4050 vobio
962 3995 1097 4049 conducet
1116 3992 1228 4046 obside·
1322 4041 1326 4049 .

150 4065 181 4114 ri.
219 4064 336 4116 Primum
355 4083 410 4119 non
438 4077 468 4120 ut
485 4088 591 4139 semper
607 4071 819 4133 obsidercmini,
837 4077 865 4120 et
883 4069 996 4136 penuria
1013 4068 1100 4119 victur
1116 4065 1229 4117 celeria·

151 4151 204 4203 quc
230 4135 362 4188 bellorum
383 4140 560 4194 incommodis
587 4141 794 4212 premeremini,
818 4139 900 4192 Lesbi
917 4148 993 4193 tanto
1011 4155 1070 4190 cum
1089 4132 1229 4205 impendio

149 4204 299 4274 potiundae
317 4208 416 4278 cupldo
443 4210 520 4264 robis
548 4213 678 4270 inccsrit:
704 4213 753 4269 scd
775 4221 807 4267 ut
825 4213 958 4283 impensae
976 4210 1062 4266 multo
1079 4204 1228 4262 maioribus
