3000 4742
242 232 327 322 556
635 262 913 332 uturtcunnu

91 427 153 484 stc.
166 432 228 501 ¹³4¹
239 414 338 484 πολλὰ
355 418 531 504 καταβοῶν,
551 416 691 506 ἀποδράς
714 411 814 507 ᾤχετο
832 418 914 507 πρὸς
927 413 1079 505 Ἰταλιαν,
1096 426 1151 489 καί
1167 445 1320 510 συμφρο-

237 516 335 602 νήσας
355 516 509 594 Λατίνοις
538 513 642 605 ὥσπερ
669 517 914 606 καὶπρότερον,
947 520 1113 597 ἐνιύικοτιος
1135 520 1191 585 ύτί
1209 517 1321 588 adrev

233 613 369 703 Ἱέρακος
386 611 561 703 ἀνεδείχθη.
582 615 637 683 καί
652 617 690 683 ού
709 621 813 706 πολλῷ
825 614 957 705 ύστιρον
966 621 997 685 Γ
994 617 1139 705 ρηγύριύς
1151 642 1200 695 τις
1212 622 1321 705 ἕτερος

236 715 376 800 μοναχύς
401 715 582 793 Ἀκινδυνος
604 719 854 803 ἐιιικεκλημίνος,
882 713 1028 802 ὃμιλητής
1050 714 1209 803 Βαρλαὰμ
1233 717 1314 784 κατὰ

235 812 292 899 τήν
310 812 371 893 ἔξω
386 817 503 902 σοφίαν
515 818 712 901 γεγενημένος
740 815 797 881 καί
811 816 909 883 πολύν
926 817 1014 904 αύτῷ
1026 815 1178 903 φοιτήσας
1187 814 1337 907 χρύνον,5

234 915 299 979 τῶν
314 914 433 978 ἐκεινου
449 916 610 1002 διαφορῶν
623 907 669 981 ὧν
685 915 839 1001 διηνέχθη
848 911 1098 1002 τιρύςΠαλαμᾶν
1112 908 1314 1000 ἀντεποιήθη·

140 1025 229 1091 2335
235 1014 400 1096 συνέβαινε
419 1015 455 1079 δέ
472 1039 505 1079 τι
520 1019 638 1098 γελοῖον
653 1014 727 1101 περί
743 1013 851 1080 αύτύν.
871 1012 1029 1099 Βαρλαάμ
1042 1012 1173 1100 μὲνγὰρ
1187 1011 1326 1085 ύτιεσεί-,

235 1133 287 1176 ιτα
314 1113 359 1201 τῷ
387 1110 485 1202 λύγρ,
525 1104 584 1178 κίιν
611 1136 660 1189 τις
686 1110 766 1200 πρὸς
793 1107 894 1179 αύτύν
913 1111 958 1188 τίς
977 1111 1018 1183 τὰ
1038 1114 1158 1178 ἐκείνου
1179 1115 1315 1199 φρονοίη

234 1211 337 1295 λέγοι,
366 1207 423 1297 τήν
443 1216 608 1276 κοινωνίαν
635 1234 671 1276 τε
691 1206 866 1277 ἐπορθεῖτο
894 1213 950 1276 καί
966 1208 1130 1297 κατηγόρει
1150 1206 1320 1295 Βαρλαύμ,

235 1309 279 1384 ric
298 1310 399 1386 κακῶς
419 1310 608 1396 φρονοῦντος
626 1311 683 1376 καί
700 1304 891 1389 ἇαεναντίως
909 1318 973 1387 τοῖς
993 1310 1103 1395 αἰγίοις·
1124 1335 1162 1397 τη
1180 1311 1212 1373 δ’
1231 1304 1354 1395 ἄλη-ιο

233 1410 306 1496 dela
324 1408 481 1493 κατάκρας
500 1407 606 1497 ἐκείνῳ
638 1408 803 1495 ἠκολούθει
828 1411 883 1475 καί
908 1409 1003 1476 addis
1030 1401 1053 1494 ή
1072 1405 1184 1494 μικρὸν
1203 1403 1224 1492 ἢ
1243 1414 1315 1489 μεί-

237 1506 291 1584 ζον
311 1506 489 1592 διεφέρετο.
529 1500 628 1583 αὖθις
648 1509 684 1572 δὲ
703 1506 841 1585 στάσεως
868 1505 948 1573 κατὰ
973 1505 1031 1593 τήν
1049 1506 1213 1591 ἐκκλησίαν
1232 1500 1315 1570 ἄνα-

237 1606 412 1690 φυομένης,
443 1604 477 1669 ἐν
495 1607 589 1692 δεινῷ
606 1608 769 1689 τιθέμενος
789 1606 808 1670 si
829 1602 1043 1693 πατριάρχης,
1067 1594 1099 1672 εἶ
1116 1602 1170 1670 tad
1189 1596 1248 1690 τήν
1266 1629 1315 1668 τι-

235 1725 299 1767 νων
329 1702 522 1787 φιλονεικιύιν
553 1701 660 1789 νοσοίη
693 1705 748 1770 καί
774 1707 955 1793 ταράττοιτο
985 1703 1026 1769 τὰ
1054 1705 1111 1790 τής
1139 1701 1314 1787 ἐκκλησύις,

235 1802 367 1868 σύνοδον
387 1800 442 1867 καί
460 1795 557 1880 αύθις
575 1804 723 1892 δευτέραν
743 1804 946 1893 συναθροίζει
965 1801 1044 1871 κατίι
1064 1803 1120 1868 τὸν
1136 1797 1233 1868 αύτύν
1254 1801 1351 1885 τῆςιό

234 1903 314 1966 drusi
333 1899 453 1987 Σοφίας
471 1901 568 1986 νεών,
605 1902 863 1990 συντδριυίζοντος
886 1904 972 1993 αύτήι
991 1906 1046 1968 καί
1062 1902 1197 1988 μογύλοα
1220 1903 1315 1982 δαμε-

235 2002 342 2064 στίκου
382 1996 438 2064 καί
466 1994 535 2065 ὅσοι
574 2000 751 2087 ἐπεδήμουν
786 2003 950 2091 Βυζαντίῳ
984 2004 1047 2067 ταῖν
1081 2003 1310 2087 συγκλητικεύν.

208 2097 336 2166 Βαολλύ
357 2099 394 2164 δὲ
410 2097 489 2185 πρὸς
509 2094 662 2185 ἀλλήλους
681 2101 744 2165 τῶν
764 2104 795 2166 Γ
793 2106 945 2186 ρηγορίαν
965 2097 1185 2182 ἀντειπόντων,
1205 2091 1313 2163 tacti

230 2196 411 2273 Ἀκίνδυνος
431 2198 575 2284 ἐφαίνετο
593 2196 633 2264 τὰ
652 2194 708 2264 ἴσα
726 2197 888 2284 Βαρλαύμ
907 2198 961 2264 καί
984 2206 1082 2284 λέγων
1101 2197 1159 2263 καὶ
1177 2199 1310 2286 φρονόν,

234 2298 345 2381 ψῆφος
362 2296 421 2377 μέν
439 2294 632 2382 ἐξενήνεκται
658 2294 744 2382 κοινή
765 2296 941 2362 ἐπισκόπων
968 2322 1002 2362 τε
1022 2296 1077 2362 καί
1093 2299 1156 2362 sois
1175 2302 1354 2380 σογιιλη-ηο

234 2395 329 2457 τινῶν
347 2391 427 2457 κατὰ
443 2392 627 2460 Ἀκινδύνου
647 2397 703 2460 καί
720 2398 784 2460 τῶν
804 2395 891 2484 αύτήύ
921 2393 1118 2483 φρονούντων
1137 2392 1231 2475 ἴσως,
1266 2392 1312 2468 ὥς

234 2490 273 2555 τύ
294 2489 458 2576 αἱρετικῶν
478 2491 678 2578 φρονούντων
698 2492 755 2559 καί
772 2492 932 2578 λεγόντων.
973 2494 1176 2581 υἷφορίζονται
1195 2495 1233 2557 δέ
1258 2491 1316 2557 κατ’

235 2590 288 2676 τῆς
307 2588 468 2667 κσινοονιλτς
486 2592 550 2659 τῶν
572 2589 763 2680 δρθοδόξοτν,
792 2595 822 2659 εἰ
839 2591 884 2679 μή
906 2594 1136 2680 ἐπιστρέφοιτο,
1155 2590 1225 2658 ἀλλ’
1244 2592 1314 2657 ἐτι·

237 2811 316 2865 valde
334 2810 498 2867 claudicasse
515 2814 672 2868 clamitans:
694 2822 722 2867 et
736 2815 879 2900 aufugiens
904 2816 933 2868 in
951 2814 1073 2877 Italiam,
1101 2827 1162 2866 cnm
1186 2810 1311 2873 latinis,

238 2893 270 2936 ut
296 2891 395 2947 antea,
420 2886 506 2937 sensit
529 2885 563 2937 sb
589 2888 683 2956 eisquc
709 2886 830 2938 Hieracis
856 2886 998 2955 episcopus
1022 2891 1127 2937 creatus
1155 2890 1205 2941 est.
1248 2880 1312 2933 Non

239 2955 327 3006 multo
357 2960 419 3023 post
442 2955 511 3007 alios
539 2955 650 3026 quidum
673 2955 817 3026 Gregorius
840 2954 998 3018 monachus,
1028 2953 1193 3019 Acindynus,
1208 2968 1311 3021 cogno·

238 3025 357 3075 minatus
367 3061 376 3087 ,
402 3026 533 3077 Barlaami
562 3028 591 3077 in
621 3026 734 3095 prossus
761 3024 885 3078 doctrina
910 3026 992 3095 longo
1009 3024 1140 3094 temporis
1159 3024 1247 3092 spstio
1267 3021 1311 3073 ‹ti-

239 3093 375 3163 scipulus,
403 3094 600 3148 dissensionem
625 3096 683 3147 eius
713 3096 834 3148 stlitem
862 3113 923 3149 cum
950 3096 1072 3158 Palama,
1098 3102 1131 3145 ut
1155 3100 1310 3150 successor,

239 3164 370 3233 arripuit,
395 3165 440 3216 cui
454 3166 582 3238 quiddam
598 3165 744 3220 ridiculum
763 3166 885 3235 contigit.
912 3166 1084 3218 Berisamum
1099 3161 1211 3235 quidem
1226 3160 1309 3214 serbo

239 3233 403 3302 repudiabat
430 3242 459 3287 et
483 3244 515 3287 ut
543 3237 613 3289 male
636 3237 789 3307 sanctisque
825 3234 948 3305 patribus
982 3235 1117 3288 contraris
1148 3234 1312 3311 sentientem

239 3305 400 3356 accusabat:
418 3321 447 3356 re
465 3314 556 3358 sutem
575 3323 639 3359 vera
657 3323 768 3375 prorsus
788 3323 851 3359 eum
875 3305 1040 3377 sequebatur
1067 3303 1193 3424 σλΙτὶΙιραο
1222 3301 1311 3356 omni-

238 3388 275 3424 no
303 3372 337 3423 ab
364 3389 397 3424 eo
424 3374 574 3429 differebat
609 3379 722 3429 Rursum
745 3378 839 3448 itaque
865 3376 1002 3429 seditione
1024 3392 1056 3427 ac
1072 3381 1191 3427 tumutu
1209 3373 1239 3425 ln
1265 3386 1313 3423 eo-

241 3442 324 3495 clesia
349 3444 505 3508 exoriente,
530 3446 681 3516 patriarcha
705 3448 833 3518 iniquum
857 3447 978 3511 ducens,
1006 3454 1118 3517 propter
1131 3441 1311 3515 quorumdam

240 3511 331 3565 rixose
362 3514 471 3584 ingenia
502 3518 632 3570 ccclesiae
667 3525 767 3570 statum
802 3519 972 3587 perturbari,
1011 3514 1142 3585 synodum
1175 3515 1204 3566 ln
1238 3512 1314 3565 idem

241 3581 361 3652 Sophiae
389 3585 517 3653 templum
542 3589 630 3657 cogit,
661 3586 799 3641 assidente
825 3588 878 3658 ipsi
908 3597 937 3640 et
968 3602 1064 3657 magno
1098 3584 1246 3637 domestico
1280 3590 1311 3634 ot

241 3662 378 3725 quotquot
401 3656 523 3722 Byzantii
545 3665 622 3709 erant
644 3657 824 3710 senatoribus.
861 3658 928 3709 Cum
947 3656 1070 3727 Gregorii
1087 3654 1134 3707 diu
1152 3662 1310 3709 controver-

143 3748 146 3755 ·
240 3725 291 3775 sati
319 3732 425 3789 essent,
452 3725 501 3778 ubi
528 3725 742 3780 animadversum
769 3736 810 3780 cst
834 3726 1005 3795 Acindynum
1033 3726 1164 3778 Barlaami
1192 3723 1312 3775 cantile-

239 3811 301 3845 nam
319 3812 431 3860 canere,
454 3796 489 3848 ab
516 3796 650 3868 episcopis
677 3807 706 3849 et
723 3805 817 3850 senatu
836 3800 1016 3850 communiter
1032 3804 1125 3848 contra
1143 3795 1312 3845 Barlaamum

240 3864 354 3935 eiusque
371 3874 516 3919 sectatores
541 3876 572 3920 ut
596 3866 746 3920 hacreticus
765 3870 820 3922 lata
842 3877 885 3921 cst
911 3868 1059 3921 sententia:
1086 3874 1114 3918 et
1136 3866 1189 3918 nisi
1214 3864 1313 3931 resipi-

239 3944 361 4000 scerent,
378 3937 412 3988 ab
430 3937 641 3991 orthodoxorum
666 3940 854 3993 communione
872 3947 987 4010 uterque
1003 3946 1161 4008 segregatus.
1196 3934 1252 3986 Nec
1267 3933 1312 3984 illi

204 4028 211 4037 ’
239 4007 342 4068 sulum,
358 4007 406 4058 sed
424 4009 492 4060 etsi
508 4010 569 4077 quis
587 4011 656 4060 alius
674 4009 708 4060 de
722 4017 811 4062 cetero
828 4011 896 4063 talia
914 4007 1026 4062 auderet
1049 4017 1078 4058 ct
1097 4008 1216 4059 Palmae
1234 4003 1313 4053 aliis·

240 4094 293 4147 que
311 4079 388 4147 quasi
409 4079 479 4130 male
502 4079 535 4130 dc
559 4081 691 4148 religione
715 4081 898 4133 sentientibus
922 4081 1024 4131 crimen
1048 4078 1170 4131 inferret.
1204 4076 1311 4127 Praeter

239 4148 306 4201 haec
325 4156 353 4200 et
372 4156 446 4201 tomo
463 4166 512 4219 pro
530 4153 615 4203 reteri
640 4152 805 4217 synodorum
829 4166 903 4204 more
922 4149 1088 4223 composito,
1120 4149 1233 4200 locanes
1260 4159 1311 4214 ps-
