3000 4742
277 243 362 328 206
678 263 956 330 muniemus}
1034 299 1043 312 ·

131 453 195 512 m
209 431 392 513 ,3,ςαότοῖς
417 417 665 514 εόόοκιμοόντων
685 428 812 517 κρείττω
837 426 1008 513 όμολογελν.
1043 424 1125 509 μετά
1148 429 1258 509 μέντοι
1283 426 1359 501 τούς

272 532 393 617 γάμους
415 529 520 614 όλίγον
544 526 614 595 τινά
640 527 761 616 χρόνον
782 532 821 617 spi
846 524 1086 595 Κωνσταντόοο
1109 516 1359 611 ένόιατράμαςό

252 630 348 704 Βνέος
365 624 525 711 βασιλεός,
546 629 589 715 τῷ
603 632 731 711 βασιλεῖ
744 623 976 708 συνταξάμενος
1001 623 1058 688 καί
1072 623 1208 712 adanu-3
1228 621 1296 705 άμα
1318 629 1360 715 τῇ

274 728 416 810 βασιλίδι
443 724 524 814 ἐξῄει
541 727 741 807 Βυζαντίου,
773 721 815 800 ιός
837 725 882 801 εἰς
905 721 1134 806 Διδυμότειχον
1159 718 1359 808 α’φιξόμενος.

273 826 427 914 γινομένω
452 825 488 888 δὲ
509 826 544 888 έν
569 823 675 914 χωρίφ
700 824 855 907 Μεγάλην
874 822 1171 909 προσαγορευομένῳ
1207 817 1378 906 Καρόαν,5

275 921 354 989 κατά
383 921 418 988 τό
441 924 498 1010 pori
519 927 661 1008 Λίπηκος
681 920 845 1007 λεγόμενον
870 915 960 1007 όρος,
985 921 1122 1006 Πέρσας
1139 920 1275 1006 ἠγγέλθη
1301 945 1360 983 πε-

280 1019 355 1100 ζοός
372 1019 413 1085 τά
432 1023 501 1088 έκεῖ
515 1025 767 1108 κατατρέχοντας
778 1023 883 1107 χωρία
904 1021 1012 1109 όηοόν.
1040 1018 1070 1085 οἱ
1087 1021 1147 1102 μὲν
1166 1011 1224 1084 οόν
1242 1022 1286 1106 τῷ
1298 1023 1361 1102 βα·

275 1127 367 1186 ’σιλεῖ
379 1118 526 1196 συνόντες
541 1122 734 1208 στρατιῶται
756 1115 822 1202 άμα
843 1121 885 1209 tp
901 1123 955 1204 τῆς
976 1118 1054 1183 ttae
1075 1115 1238 1200 ἐχόμενοι,
1258 1118 1301 1193 ὡς
1314 1113 1362 1182 εί-

276 1243 347 1303 χον,
364 1211 462 1304 ἧηυον
482 1212 595 1302 αάτὴν·
613 1216 763 1300 βασιλεός
784 1220 813 1283 d'
831 1213 899 1299 άμα
917 1221 962 1306 τῷ
974 1215 1098 1304 μεγάλῳ
1115 1216 1285 1305 όόμεστιίιηι
1307 1217 1366 1284 καί

276 1341 361 1382 τισιν
381 1311 607 1401 εὐαριθμήτους
626 1313 745 1402 ἑτέροις
771 1314 936 1380 όπελίιιετο
957 1311 1100 1406 κατόπιν,
1113 1310 1268 1399 ’θηρεόων
1291 1309 1402 1395 άμαιο

277 1411 395 1498 peruiis
413 1417 469 1495 τῆς
486 1410 675 1499 ὁδοιπορίας.
713 1411 759 1489 σός
779 1414 814 1478 di
830 1413 850 1498 ἦ
869 1410 983 1501 ἔφοδος
1002 1407 1137 1497 ἠγγέλθη
1155 1415 1219 1476 ταῖν
1235 1409 1362 1497 βαρβά-

279 1538 360 1599 ρων,
380 1509 457 1598 πρός
476 1515 536 1593 μέν
548 1509 623 1589 τοὺς
640 1509 834 1597 στρατιώτας
853 1509 976 1596 ἔπεμψε
991 1510 1046 1576 τόν
1060 1514 1193 1598 ἐροῦντα
1212 1505 1361 1596 άναστρέ-

259 1627 359 1697 (ἔφειν
380 1611 423 1687 oie
445 1612 666 1693 μαχουμένους
689 1621 755 1687 τοῖς
773 1609 958 1699 βαρβάροις.
986 1605 1082 1688 αότός
1103 1613 1139 1676 δ’
1155 1605 1223 1692 ἅμα
1247 1612 1291 1699 τῷ
1303 1633 1363 1692 με.

276 1711 361 1797 γάλιρ
381 1710 552 1797 όομεστόιηι
568 1711 634 1776 δεῖν
649 1707 788 1793 ἔγνωσαν
804 1706 884 1792 μετά
901 1712 965 1775 τάν
993 1707 1149 1774 συνόντων
1172 1710 1207 1776 έν
1222 1702 1270 1785 οἷς
1284 1707 1364 1772 ἐπά-

277 1814 375 1873 θοντο
391 1807 465 1886 τοός
480 1811 614 1894 Πέρσας
628 1802 709 1874 εἶναι
727 1811 859 1895 χωρίοις
877 1809 1043 1892 γενέσθαι,
1063 1804 1259 1894 ἑκατέρωθεν
1277 1810 1407 1890 top-15

279 1908 410 1991 σόμενοι
431 1910 467 1974 ἐν
490 1910 535 1995 τῷ
554 1902 697 1995 άσφαλεῑ
710 1906 850 1988 ἔσεσθαι,
870 1905 926 1974 tato
942 1906 1055 1984 αότοός
1069 1909 1180 1996 ’συμβῇ
1201 1916 1268 1982 τοῖς
1282 1911 1364 1991 βαρ-

279 2006 388 2094 βάροις
410 2015 585 2089 συντυχεῖν.
606 2004 663 2072 έάν
683 2030 719 2072 τε
736 2004 796 2093 γάρ
813 2006 1042 2092 εόεπιχειρητοι
1073 2009 1207 2093 φανῶσι,
1225 2005 1304 2095 ῥᾷον
1324 1996 1365 2069 όν

280 2101 531 2189 κατεργάσεσθαι
553 2103 589 2171 τό
607 2102 696 2191 ἔργον
701 2156 712 2188 ,
733 2105 790 2173 ἒάν
812 2129 847 2172 τε
865 2106 1068 2191 όπερέχοντες
1086 2110 1261 2193 φαίνωνται
1283 2103 1361 2168 πολό

282 2199 391 2269 αόταόν
414 2201 458 2281 ιός
478 2200 524 2288 μη
547 2198 688 2291 ἀσφαλές
715 2200 798 2270 εἶναι
825 2206 1043 2269 καθίστασθαι
1063 2205 1109 2280 εἰς
1132 2203 1253 2288 μάχην,
1280 2198 1363 2284 μετά

171 2325 175 2339 ·
280 2289 393 2379 ἀδείας
415 2301 652 2380 ἀπαλλάξεσθαι
677 2304 785 2369 αότῶν
809 2300 941 2392 ἔφιπποι
971 2294 1058 2378 ὄντες
1079 2305 1188 2382 πεζῶν.
1222 2302 1409 2386 προπέμ-αο

278 2419 396 2486 ψαντις
417 2403 453 2466 δέ
470 2402 577 2467 αότοόν
598 2427 684 2481 τινας
700 2399 782 2469 ιόστε
800 2402 838 2469 τά
858 2401 1036 2489 ἔμπροσθεν
1055 2411 1197 2484 σκοπεῖν,
1219 2400 1365 2484 ἐβάδιζον

279 2496 376 2566 αότοό
396 2497 525 2567 κατόπιν
541 2496 740 2584 ὠπλισμένοι.
770 2499 799 2569 οἱ
815 2501 971 2588 βάρβαροι
994 2504 1030 2567 δέ
1046 2500 1103 2578 τάς
1119 2505 1179 2585 μέν
1195 2501 1364 2587 τετριμμέ-

280 2624 338 2675 νας
352 2600 533 2666 παντάπασι
551 2602 705 2677 ἐξέκλιναν
721 2602 831 2679 delude·
854 2604 896 2666 δι’
908 2597 1037 2684 άβάτων
1056 2603 1092 2666 δὲ
1114 2602 1242 2684 χωρίων
1264 2598 1366 2675 ἰόντες

285 2693 329 2774 τός
348 2698 576 2784 ἐπιθησόμενοί
583 2722 648 2765 τισι
663 2704 727 2766 τοόν
741 2695 854 2766 ου’τόθι
869 2697 1110 2783 κατοικοόντων,
1130 2696 1204 2776 τοός
1217 2700 1277 2780 μέν
1291 2719 1365 2762 σκο-

254 2793 368 2872 υποός
390 2793 506 2862 ἔλαθον
524 2799 754 2885 παρελθόντας,
783 2800 932 2886 ἐξαίφνης
954 2799 990 2863 δέ
1012 2798 1087 2883 μήτ’
1106 2795 1198 2861 adrui
1220 2793 1413 2883 προΐδόν-οὸ

282 2973 408 3039 agnatam
432 2965 568 3039 quandam
592 2968 621 3021 in
640 2968 675 3021 iis
700 2967 890 3024 dexteritatem
908 2972 967 3024 elus
984 2968 1130 3033 admirati,
1152 2966 1225 3037 apud
1243 2982 1306 3018 suos
1323 2965 1369 3016 vel

282 3038 475 3091 laudatissimis
493 3041 659 3109 superiorem
676 3040 791 3093 erasisse
808 3059 864 3094 non
882 3049 1017 3112 negarent
1054 3039 1179 3091 Ceterum
1203 3045 1260 3089 non
1279 3036 1368 3087 multo

280 3116 346 3179 post
372 3110 480 3178 nuptias
500 3108 654 3161 valedicens
677 3128 741 3174 avo,
768 3128 829 3163 eum
846 3114 965 3182 Augusta
981 3107 1203 3177 Didymotichum
1228 3106 1369 3176 profectus

283 3185 332 3229 est
370 3177 436 3229 Cum
455 3180 573 3231 venisset
598 3178 632 3230 ad
656 3179 746 3233 locum
764 3181 862 3251 Magna
879 3183 966 3250 Carya
984 3180 1101 3241 dictum,
1126 3177 1159 3230 ad
1181 3184 1302 3229 montem
1319 3175 1368 3225 Ll-

282 3246 358 3368 ple'ois
368 3246 542 3316 appellatum,
559 3247 666 3314 didicit,
675 3252 766 3303 Persas
781 3252 887 3321 pedites
899 3253 1069 3305 vicinitatem
1085 3249 1223 3302 hostiliter
1239 3246 1369 3314 diripere.

316 3317 388 3367 'lites
407 3318 490 3386 igitur
515 3321 704 3388 imperatorem
721 3331 884 3392 requenter,
911 3325 999 3393 prima
1015 3322 1076 3373 luce
1093 3322 1164 3372 uiam
1182 3314 1366 3385 capessendo,

284 3393 318 3438 ut
336 3393 480 3455 poterant,
502 3389 667 3457 pergebant,
690 3407 733 3454 eo,
772 3393 882 3444 uoniam
899 3409 958 3444 curn
977 3407 1073 3461 magno
1094 3389 1240 3441 domestico
1257 3384 1369 3455 paucis-

285 3471 341 3527 que
365 3456 427 3509 aliis
454 3454 488 3507 ad
511 3458 581 3510 seras
601 3460 683 3511 simul
709 3478 743 3514 ex
761 3463 860 3515 itinere
885 3462 1028 3530 captandas
1048 3457 1241 3519 declinaverat,
1258 3473 1273 3507 a
1290 3464 1367 3525 tergo

285 3526 390 3579 relicto.
417 3525 519 3600 Verum
536 3528 585 3580 ubi
604 3527 639 3582 de
657 3531 809 3601 irruptione
827 3533 962 3602 cognovit,
981 3531 1017 3584 ad
1033 3548 1148 3602 pugnam
1166 3544 1226 3580 cum
1243 3525 1368 3578 barbaris

285 3594 436 3668 ineundam
461 3612 508 3648 eos
531 3602 681 3663 revocavit,
705 3607 912 3672 statueruntque
934 3602 992 3671 ipse
1012 3609 1173 3672 utmagnus
1190 3595 1369 3660 domesticus,

287 3673 414 3735 oportere
432 3682 492 3718 oum
509 3667 599 3736 globo,
618 3686 699 3741 quem
717 3668 868 3736 haberent,
892 3687 935 3735 eo,
951 3671 1000 3723 ubi
1015 3669 1106 3726 Persas
1128 3684 1186 3723 esse
1204 3665 1370 3731 audiebant,

287 3752 446 3802 oeeunere3
470 3739 538 3800 rati,
565 3741 667 3791 utrovis
690 3737 771 3792 modo
793 3756 822 3792 se
847 3748 921 3793 tutos
949 3742 1015 3794 sore.
1050 3741 1113 3794 Sive
1135 3752 1251 3808 namque
1275 3736 1370 3788 invasu

286 3806 382 3858 faciles
400 3806 599 3875 reperirentur,
661 3826 693 3861 us
715 3810 792 3862 nullo
810 3809 904 3863 labore
922 3812 1074 3864 consectum
1092 3812 1142 3863 iri:
1169 3810 1225 3860 sive
1244 3806 1371 3857 Romanis

288 3876 377 3928 multo
403 3878 601 3931 numerosiores
624 3877 799 3943 viderentur,
823 3888 855 3933 ut
880 3879 915 3933 ad
931 3898 1026 3935 manus
1053 3898 1114 3933 eum
1134 3881 1168 3931 iis
1185 3877 1280 3929 venire
1297 3873 1371 3927 baud

288 3952 379 3997 tutum
405 3954 490 4009 esset,
516 3947 589 4018 ipsos
615 3948 645 4001 in
671 3950 748 4021 equis
772 3951 884 4019 impune
906 3952 994 4005 Persis
1036 3950 1156 4003 editibns
1183 3946 1257 3999 elabi
1282 3960 1370 4015 posse.

264 4047 268 4055 ·
288 4015 385 4100 Itaque
403 4016 557 4084 praemissis
577 4020 801 4091 speculatoribus,
818 4021 914 4074 armati
930 3969 1122 4094 sequebantur.
1161 4018 1197 4071 Aa
1216 4017 1289 4070 euim
1307 4014 1370 4068 bar·

286 4084 349 4137 ban
367 4086 431 4138 trita
448 4087 548 4141 itinera
574 4090 735 4144 omnimodis
760 4090 894 4162 fugientes
923 4109 974 4163 per
996 4092 1124 4163 inviaque
1178 4087 1315 4148 adientes,
1337 4091 1371 4138 ut

287 4156 319 4209 in
336 4155 444 4210 illorum
460 4155 581 4217 loooraor
597 4161 701 4217 incolas
716 4162 878 4229 involarent,
895 4171 924 4218 et
939 4162 974 4217 ab
987 4108 1204 4235 exploratoribus
1220 4156 1373 4232 praeteriti,
