3000 4742
477 306 765 376 ursromtmm
789 310 830 373 u.
851 317 904 388 ιο.
1137 288 1222 403 ιλιγ
1322 321 1330 327 ·

141 460 206 532 τάν
225 460 302 551 η’μλλ
316 458 471 548 άβουλίαν
487 466 543 529 καί
567 457 813 550 ἄπραγμοσάνην
835 464 1079 548 καταγινώσκειν
1099 462 1260 538 zamora.
1271 475 1374 551 οπεος

140 562 298 650 πρόφασιν
322 560 506 651 παράσχη.”
550 561 675 626 Τοάτων
697 556 798 638 οὕτως
823 561 1013 647 εἰρημένων,
1043 567 1184 635 ἐπείθετο
1207 569 1321 636 difflui

142 659 288 745 βασιλεὺς
313 660 370 727 καί
390 660 434 737 ὥς
450 663 553 737 καλῶς
570 658 685 742 ἔχοντα
705 661 814 747 ἐπῄνει
820 712 830 744 ,
857 662 1009 746 έπέτρεπέ
1026 688 1059 728 τε
1074 668 1226 747 floritio·

143 761 225 826 σθαι
238 759 314 846 περί
328 758 439 829 orituri.
481 756 498 823 ὅ
516 761 616 842 μέγας
642 761 678 824 δὲ
702 762 882 840 δομέστικος
901 757 962 835 τάς
989 762 1094 837 αἰτίοις
1111 767 1225 852 πρότε-

122 868 199 948 5ρον
223 858 343 947 ἔφασκε
366 864 484 940 μαθεῖν
501 860 639 940 ἐθέλειν,
665 852 764 936 έξάν
787 860 833 934 εἰς
855 861 949 925 τοῦτο
966 862 1129 949 ἐνεχθείη.
1169 862 1229 937 κάν

140 964 202 1043 μὲν
224 958 282 1024 καί
298 958 384 1045 αὐτῷ
408 955 500 1041 λόγον
517 955 649 1040 ἔχουσαι
667 959 785 1022 δοκοῖεν
800 956 856 1023 καί
871 960 994 1026 πείθειν
1015 961 1150 1047 ἰσχυραί
1152 1015 1164 1048 ,
1194 971 1233 1033 τί

141 1058 205 1145 χρὴ
235 1060 410 1143 περαιτέρω
435 1064 540 1122 πονεῖν
566 1059 635 1144 εἰκῇ
655 1059 905 1140 βουλευομένους
912 1085 923 1139 3
964 1055 999 1125 τά
1024 1059 1144 1129 κωλάον
1166 1065 1226 1155 γάρ

143 1159 237 1222 οὐδὲν
257 1154 297 1222 τὰ
310 1160 413 1231 καλῶς
428 1157 581 1220 δοκοῦντα
597 1153 683 1237 ἔχειν
697 1164 809 1220 ποιεῖν.
837 1149 878 1222 άν
895 1158 931 1221 δ’
949 1149 1015 1242 άρα
1029 1158 1075 1245 μη
1093 1164 1228 1230 τοιαῦτα

144 1259 321 1343 φαίνοιντο,
342 1252 437 1322 πάλιν
453 1253 600 1334 aurave}
616 1250 830 1342 ἀντιστρόφου
847 1257 888 1319 δι’
909 1251 932 1322 ἃ
941 1253 987 1342 μη
1001 1258 1153 1342 λογίζοιτο
1168 1263 1229 1328 od.

106 1353 199 1431 ιοτός
217 1360 387 1421 λυσιτελεῖν
402 1353 459 1441 τὴν
473 1358 598 1440 πρᾶξιν,
617 1357 810 1441 προτιθέναι.
831 1349 890 1421 κάν
901 1359 962 1436 μὲν
978 1360 1037 1422 τοῦ
1055 1357 1158 1446 ὀρθῶς
1173 1365 1254 1430 καιὈ

145 1452 273 1529 δικαίως
287 1451 412 1537 ἔχοντος
427 1454 579 1541 φαίνηται
596 1453 732 1540 ἡμμένοι,
749 1452 925 1519 πειθεσθαί
935 1479 968 1519 τε
981 1453 1077 1520 αὐτὸν
1087 1459 1231 1547 καίοῖφί-

144 1557 285 1618 σταοθαι
297 1557 354 1620 τοῦ
365 1551 410 1638 μή
425 1552 465 1619 τά
486 1555 598 1619 δέοντα
611 1562 722 1618 ποιεῖν·
738 1551 844 1619 ἐὰνδὲ
860 1554 974 1630 ένδεῶς
990 1549 1012 1639 ἢ
1028 1550 1109 1621 άστε
1133 1557 1232 1625 δίνα-

145 1656 224 1718 σθαι
243 1655 366 1718 πείθειν
381 1651 480 1736 ἔχωσι
496 1651 553 1718 καί
567 1647 755 1736 ἀγχώμαλος
780 1653 801 1738 ἤ
816 1649 906 1738 μάχη
924 1657 1072 1742 καταστῇ,
1092 1655 1157 1722 τότ’
1170 1653 1232 1723 od-

145 1750 199 1818 τὸν
217 1755 273 1837 τῆς
285 1750 371 1837 νίκης
396 1752 483 1842 αὐτῷ
499 1761 691 1837 προχωρεῖν,
711 1747 817 1839 ὥσπερ
843 1755 920 1829 τούς
941 1747 1151 1839 Ἀθηναίους,
1176 1758 1232 1841 τῆς

109 1846 282 1936 ιδἈθηνᾶς
299 1854 545 1937 προστιθεμένης
561 1852 684 1939 ψήφου,
706 1850 793 1935 λόγος
809 1861 919 1918 ποιεῖν.
958 1856 1055 1937 τριοῖν
1079 1856 1116 1919 δὲ
1135 1846 1232 1921 ὄντων

147 1943 227 2015 dicio
251 1972 287 2015 σε
307 1948 448 2032 μάλιστα
469 1950 597 2015 δύναιτο
618 1949 695 2036 πρὸς
712 1952 923 2032 μεταμέλειαν
937 1953 1002 2016 τάν
1022 1956 1232 2037 γεγενημένων

147 2045 289 2132 ἐνάγειν,
320 2052 380 2114 τοῦ
398 2073 432 2113 τε
460 2046 506 2133 μή
525 2046 653 2123 δικαίως
673 2051 776 2113 δοκεῖν
794 2051 982 2133 πεπρᾶχθαι
989 2099 1000 2131 ,
1033 2052 1088 2115 καί
1107 2054 1165 2116 rod
1183 2048 1229 2136 μὴ

147 2156 213 2223 τοῖς
227 2145 391 2232 πράγμασι
406 2144 662 2228 λυσιτελούντως,
684 2150 740 2213 καί
755 2149 875 2235 τρίτου,
895 2149 954 2212 τοῦ
973 2172 1045 2213 τινα
1061 2151 1125 2215 τάν
1143 2145 1232 2213 δεόν-

147 2270 212 2310 των
226 2248 371 2330 γίνεσθαι
390 2248 579 2328 ἀμελεῖσθαι
603 2244 657 2311 διά
681 2245 717 2312 τὸ
735 2245 782 2332 μὴ
803 2250 936 2328 βασιλέα
956 2255 1024 2323 τοῖς
1050 2246 1231 2334 πράγμασιν

107 2340 332 2429 οοέφεστάναι,
359 2341 552 2426 σκεψώμεθα
574 2348 705 2410 ἕκαστον
723 2339 838 2415 αὐτῶν.
880 2344 937 2409 καί
951 2343 1077 2431 πρῶτόν
1095 2368 1130 2431 γε
1149 2345 1261 2413 πάν-Ι)

147 2467 197 2519 τες
215 2437 256 2509 άν
275 2444 349 2524 ἐμοί
376 2454 537 2530 συμφαῖεν
554 2442 599 2519 ὥς
620 2446 756 2527 μάλιστα
778 2446 954 2528 πέπρακται
974 2445 1111 2520 δικαίως.
1152 2439 1232 2529 πρό-

148 2542 239 2629 τερόν
254 2567 289 2607 τε
303 2543 363 2629 γάρ
385 2539 483 2619 αὐτάς
494 2542 553 2607 onix
565 2534 663 2630 ἧρξας
676 2545 825 2627 πολέμου,
843 2538 913 2609 ἀλλ’
929 2539 993 2608 rino*
1010 2545 1072 2610 τάν
1085 2540 1232 2632 πραγμά-

133 2778 137 2787 “
163 2790 165 2795 ⁴
220 2726 264 2770 οι.
280 2707 397 2770 δικαίως
414 2711 469 2765 ΕΙ).
487 2713 514 2767 Ρ.
532 2729 583 2785 pro
600 2709 690 2765 δίκαι.

150 2878 260 2933 modum
277 2883 449 2952 inopinatum
470 2881 612 2955 quddpiam
629 2882 772 2946 acciderit,
806 2886 892 2937 multa
918 2893 1009 2937 autem
1026 2882 1148 2938 accidere
1163 2898 1234 2955 que-

123 2974 127 2985 ’
150 2958 199 3003 ant
209 2951 230 3023 ‚)
247 2951 276 3003 id
293 2959 321 3002 et
335 2953 397 3004 aliia
413 2962 442 3005 et
456 2962 519 3005 ante
537 2953 605 3006 aiios
618 2954 823 3023 nobismetiporr
840 2954 875 3006 ad
887 2956 1067 3007 temeritatem
1090 2955 1234 3008 inertiam·

151 3038 207 3092 que
220 3030 340 3074 nostram
357 3023 588 3076 condemnandam
605 3025 652 3075 fiat
668 3026 782 3077 occario.
818 3027 898 3077 Dicto
916 3043 930 3075 a
951 3025 1077 3095 probarit
1088 3026 1236 3093 imperator

151 3099 180 3145 et
195 3093 335 3163 negotium
355 3095 549 3147 consultationi
571 3096 703 3164 permitit
741 3096 778 3148 At
795 3112 905 3166 magnus
938 3095 1082 3147 omertiour
1096 3101 1236 3147 momenta

149 3167 226 3234 print
238 3180 318 3216 noste
338 3161 519 3227 desideravit,
537 3164 637 3236 quibua
650 3173 739 3218 motur
759 3164 789 3217 in
810 3165 881 3218 hanc
894 3165 1060 3218 voluntatem
1076 3162 1235 3217 descendis-

150 3244 206 3288 oet:
224 3235 329 3306 quaeri
341 3235 397 3287 ribi
411 3251 521 3307 quoque
534 3233 609 3287 haud
626 3235 743 3288 ebrardo
761 3235 838 3289 etad
854 3235 936 3287 tidem
953 3235 1044 3287 valida
1059 3235 1234 3296 ridebuntur,

150 3307 222 3358 ultra
238 3323 294 3358 non
315 3306 389 3369 sore,
415 3322 463 3357 eur
485 3306 515 3357 in
537 3306 716 3360 consultando
736 3324 752 3358 o
774 3323 820 3359 era
843 3307 941 3358 frustra
956 3314 1143 3372 consumatum
1162 3303 1235 3356 nihii

153 3378 226 3427 enim
240 3376 427 3440 obrtaturum,
446 3375 514 3448 quin
524 3413 532 3438 ‚
553 3392 622 3448 quae
640 3376 711 3429 bene
723 3323 823 3428 irrisere
837 3377 893 3429 rire
911 3375 981 3438 rint,
998 3383 1167 3445 peragantur.
1203 3374 1235 3427 si

152 3460 216 3497 vero
233 3448 299 3500 tolia
316 3464 372 3500 non
390 3446 578 3516 reperientur,
596 3455 654 3499 tum
666 3447 784 3500 viciarim
803 3463 836 3498 ex
860 3447 944 3499 altera
952 3454 1029 3517 parte
1046 3462 1076 3499 re
1097 3447 1235 3509 rationes,

152 3522 263 3584 propter
286 3534 352 3587 quar
377 3518 478 3570 sactum
502 3518 743 3639 nondprofuturum
765 3516 926 3580 arbitretur,
943 3516 1147 3586 expositurum:
1165 3532 1236 3586 quae

152 3587 202 3637 rie
214 3593 286 3639 recto
307 3596 335 3640 et
347 3590 418 3640 iurto
436 3594 512 3658 aptat
527 3590 555 3639 io
578 3587 665 3651 ὀπὴ,
685 3587 855 3657 obtemperet
872 3593 1009 3640 utcontra
1026 3588 1143 3640 officium
1159 3601 1234 3637 eom-

151 3657 262 3708 mittere
275 3666 371 3725 pereat
406 3659 489 3730 Quod
506 3658 530 3712 oi
547 3660 613 3711 ratio
628 3659 726 3711 virium
747 3658 781 3711 ad
797 3655 1015 3728 persuadendum
1024 3674 1080 3709 nou
1092 3654 1237 3708 habebunt

152 3725 292 3811 fueritque
316 3744 404 3797 pugna
427 3746 544 3801 anceps,
568 3737 628 3782 tum
649 3747 678 3782 re
695 3731 837 3782 victoriam
860 3729 902 3781 illi
923 3745 1074 3790 cessurum,
1098 3724 1235 3811 quomodo

151 3796 332 3850 Athenrenrer
348 3800 434 3852 solere
448 3802 519 3853 sama
541 3806 596 3865 ert,
617 3817 677 3852 cum
690 3801 831 3852 Minervae
847 3799 964 3851 calculus
982 3804 1131 3851 accerserit.
1167 3795 1236 3847 Cum

152 3869 235 3938 igitur
254 3869 307 3921 tria
320 3869 376 3919 rint
388 3871 566 3936 potissimum,
584 3888 654 3943 quae
667 3880 694 3923 te
708 3869 744 3922 nd
759 3869 968 3940 poenitudinem
985 3869 1050 3920 iacti
1067 3864 1174 3935 possint
1189 3867 1236 3919 iu-

153 3937 270 3992 ducere:
289 3937 365 4011 quod
381 3955 436 3992 non
453 3944 524 3993 iuste
540 3942 659 4006 sactum3
678 3939 754 4011 quod
766 3959 822 3993 non
835 3957 895 3992 oum
915 3938 1037 3990 utilitate
1050 3935 1235 4005 reipublicae;

156 4007 231 4080 quod
253 4008 387 4062 nonnulla
408 4012 560 4063 necessaria
582 4013 770 4081 negligantur,
795 4010 925 4080 quoniam
942 4023 1008 4061 aruo
1028 4023 1085 4059 non
1103 4007 1236 4076 imperet3

155 4079 370 4150 unumquodque
387 4094 491 4142 eorum,
508 4089 639 4150 quantum
654 4081 744 4134 valeat
757 4079 940 4148 dirpioiamur.
977 4077 1150 4147 deprimam
1170 4077 1236 4145 qui-

154 4149 216 4202 dem
228 4166 307 4201 nemo
324 4147 393 4202 mihi
409 4167 464 4201 non
480 4153 661 4213 assentietur,
680 4151 828 4204 iustissime
843 4148 890 4201 abr
908 4156 936 4199 te
953 4146 1062 4199 iactum.
1098 4147 1141 4198 Tu
1161 4146 1238 4198 enim

152 4219 257 4275 bonam
273 4236 329 4273 noa
348 4219 492 4289 inoepirtir
515 4221 564 4275 red
587 4221 622 4274 ab
644 4222 695 4274 illo
712 4222 867 4291 inceptam,
889 4224 1000 4273 martur
1019 4233 1047 4270 ιε
1065 4231 1172 4287 gererer
1201 4215 1238 4269 Et

221 4325 441 4377 Contocuzenuo
1005 4334 1039 4388 η

870 4464 901 4517 4
