3000 4742
514 261 797 328 uuronmuurr
820 264 861 328 ιι
882 269 935 334 so.
1191 230 1275 319 555

197 421 234 488 rr}
254 414 453 506 ἑνθαβαράρ
477 416 551 495 τούς
569 413 715 502 μαθητὰς
733 413 939 504 περιλάμψαν
958 416 1027 502 φύς
1040 409 1143 482 άΐδιον
1154 414 1210 481 κατ’
1222 419 1423 489 sss-tentis

197 519 348 587 πιστεοκα
359 516 415 581 καὶ
426 512 508 583 εἶναι
521 515 671 600 δμολομιύ.
679 514 748 583 Ἐπὶ
754 514 875 593 τούτοις
888 517 944 580 καί
951 516 982 580 Γ
979 515 1124 602 ρημύριος
1137 514 1154 581 ὃ
1167 521 1284 583 Παλα-
1488 524 1490 527 ’

194 619 328 702 μάςιιαί
340 610 408 681 ὅσοι
422 613 480 682 σύν
491 607 667 703 αύτῷήσαν
679 608 878 691 άναστάντες,
897 604 1099 700 περιέβαλλόν
1109 639 1142 681 τε
1151 621 1283 702 Βαρλα-

196 716 242 799 ἀμ
260 718 315 780 καί
324 711 506 799 συνγνώμην
515 715 569 779 ἐπὶ
580 722 645 788 τοῖς
656 716 819 801 προτέροις
832 705 1130 799 άσμενοιπαρεῑχον·
1149 712 1283 802 ἐπῄνουν

175 819 230 883 ὅτε
252 816 309 899 τῆς
331 816 426 898 καλῆς
451 815 627 898 μεταβολῆς
645 812 702 879 καὶ
717 815 761 901 τῷ
780 816 844 900 θεῷ
865 814 921 899 τῆς
941 810 1089 895 ὁμονοίας
1107 812 1283 899 άμσλύγονν

193 913 348 998 χάριτας,
368 912 557 999 φάσκοντες,
586 912 656 977 οὐδ’
678 906 770 977 edroi
788 913 903 997 γηΐνων
927 913 1017 977 ἕνεκα
1035 914 1091 977 καί
1108 917 1284 999 φθειρομέ.

196 1036 260 1079 νων
279 1009 474 1099 πραγμάτων
498 1013 647 1083 τοσούτον
666 1008 882 1096 ἐνστήσασθαι
907 1011 1013 1093 οἷνῶνα
1023 1005 1123 1093 ,ἀλλ’
1146 1012 1204 1089 ,ἵνα
1222 1010 1280 1097 μή,

196 1115 243 1189 εἰς
262 1113 387 1188 πλείους
412 1111 656 1196 ’διανεμηθέντος
676 1113 737 1176 τού
762 1113 880 1192 κακοῦ,
911 1106 933 1194 ἢ
957 1111 1197 1197 διεφθαρμένων
1226 1113 1281 1177 δο-

196 1207 327 1295 γμάτων
356 1206 520 1287 άνάπλεας
536 1212 661 1294 γένηται
685 1208 706 1295 ἧ
733 1202 944 1293 ε’καλησία,ή
970 1207 1180 1301 διαστασιάσῃ
1201 1206 1307 1296 πρύςῦ

161 1306 330 1393 ιοὲαντήν,
359 1310 424 1374 τῶν
449 1309 510 1390 μὲν
534 1306 675 1388 τούτοις,
702 1309 821 1374 τῶνδὲ
847 1303 975 1383 ἐκεινοις
1003 1310 1279 1392 προστιθεμένων,

196 1410 252 1474 κατ’
267 1403 323 1473 διά
343 1409 437 1472 τούτο
461 1404 518 1472 κατ’
531 1400 586 1473 τοῦ
605 1405 735 1493 μετρίου
750 1409 833 1492 πέρα
845 1406 988 1494 ἀρθῆναι
1002 1398 1215 1494 φιλονεάιοος,
1228 1400 1282 1473 ἅτε

196 1503 237 1593 δή
255 1508 290 1573 δν
313 1509 374 1588 μὲν
392 1514 458 1583 τοῖς
489 1497 596 1583 ἄλλοις
614 1500 714 1572 άπασι
732 1504 854 1595 πράους
867 1501 949 1572 εἶναι
965 1506 1204 1590 δεδιδαγμένους
1227 1509 1282 1575 est

196 1606 370 1684 ταπεινούς·
393 1610 427 1672 ἐν
449 1602 497 1682 οἷς
514 1608 550 1673 δὲ
566 1606 642 1682 θεός
660 1607 728 1671 ἐστι
748 1603 785 1672 τδ
805 1600 1076 1687 κινδυνευόμενον,
1096 1601 1177 1682 distr
1197 1599 1378 1694 sisarum,

197 1703 253 1769 καί
266 1704 500 1792 ἀπαραιτήτους
506 1754 516 1788 ,
537 1702 594 1770 καὶ
611 1702 693 1790 μήτε
712 1701 790 1790 πρὸς
815 1702 873 1790 τήν
904 1699 1034 1781 ἀδοξίαν
1054 1704 1282 1789 δοσχεραινειν,

160 1802 275 1889 ιόμήτε
300 1802 380 1891 πρὸς
402 1801 458 1869 τύν
478 1801 565 1889 παρά
592 1806 654 1869 τάν
682 1801 862 1891 ἀνθρώπων
892 1799 1021 1869 ἔπαινον
1039 1804 1283 1885 μαλακίζεσθαι.

196 1902 266 1968 ἐπεὶ
287 1904 323 1968 δὲ
348 1899 365 1966 ὅ
382 1907 440 1987 τῆς
459 1905 583 1991 εἰρήνης
610 1905 666 1969 καὶ
691 1906 747 1989 τῆς
781 1899 928 1985 ὁμονοίας
948 1900 1024 1978 θεὸς
1046 1902 1091 1978 εἰς
1108 1903 1143 1968 ἓν
1157 1903 1282 1987 σννήψε

195 1999 237 2065 τά
258 2003 427 2083 διεστῶτα,
446 1995 544 2068 αύτοί
565 2027 601 2069 τε
615 2004 791 2089 προθύμως
820 1995 1048 2087 άποστήσονται
1071 1998 1280 2089 φιλονεικίας,

148 2117 151 2122 ’
195 2099 250 2165 καὶ
268 2102 356 2189 αύτῷ
385 2099 502 2188 πολλήν
531 2103 694 2188 εἶδήσοασι
723 2100 783 2186 τήν
806 2099 917 2187 χάριν,
945 2099 1085 2183 μάλιστα
1105 2098 1279 2191 αἰτιωτάτῳ

193 2201 250 2283 τῆς
271 2199 394 2286 εἰρήνης
412 2201 486 2267 susi
513 2205 713 2292 γεγενημένῳ.
751 2201 821 2268 Ἐπὶ
845 2198 968 2276 τούτοις
997 2199 1054 2268 καὶ
1075 2197 1227 2284 βασιλεύς
1244 2218 1281 2263 τε

154 2299 251 2362 sonat
271 2298 471 2386 πατριάρχης
493 2294 553 2366 ὅσα
576 2297 641 2366 ἔδει
675 2302 892 2385 διαλεχθέντες
918 2299 994 2383 περὶ
1006 2300 1132 2385 εἰρήνης
1152 2295 1231 2384 πρὸς
1247 2293 1312 2361 ἓ-Ι)

194 2400 362 2483 κατέροας,
384 2400 566 2465 διελύσαντο
595 2397 654 2483 τήν
669 2398 809 2465 σύνοδον.
850 2395 1011 2484 Βαρλαάμ
1034 2401 1070 2462 δὲ
1092 2393 1196 2485 ὀλίγας
1209 2401 1279 2461 Bo-
1342 2394 1345 2411 “

195 2497 310 2583 ζαντάμ
327 2496 534 2585 ἐνδιατρίψας
560 2499 680 2584 ἡμέρας
687 2549 698 2580 ,
731 2500 803 2565 ἐπεί
818 2502 873 2563 κατ’
894 2497 913 2562 ὅ
932 2495 1082 2581 βασιλεύς
1098 2495 1279 2578 ἐτελεύτησε

194 2591 276 2675 μετά
307 2595 437 2681 μικρὸν,
457 2596 513 2661 καί
530 2594 587 2672 τοὶς
600 2600 675 2681 περὶ
696 2596 736 2663 τά
761 2598 904 2682 δόγματα
922 2593 1171 2681 άμφισβητήσεις
1183 2586 1278 2658 σύδδν

194 2682 285 2777 ἦττον
312 2692 462 2776 ἐχόμενος
486 2689 509 2781 ἢ
540 2695 707 2783 πρότερον,
740 2699 795 2782 τῆς
835 2696 924 2780 δύτης
956 2692 1000 2770 ὦς
1024 2692 1280 2780 ἑκδεδιητημένης

195 2875 231 2930 αλ)
251 2876 291 2928 eis
307 2874 454 2938 dissidere,
484 2883 512 2929 et
533 2876 608 2947 quod
625 2877 655 2930 in
674 2875 786 2931 Thabor
805 2878 897 2930 lumen
914 2874 1064 2946 discipulos
1081 2873 1275 2937 circumfulsit,

195 2947 309 3015 glorium
328 2947 396 3010 Dei,
414 2948 546 3017 principii
566 2956 705 3017 expertem
724 2956 753 3000 et
769 2957 910 3000 aeternum
929 2964 988 2999 esse
1006 2948 1099 2998 lumen
1117 2944 1229 3001 eredere
1246 2961 1276 2997 se

193 3025 277 3087 utque
297 3018 430 3075 confiteri.
467 3017 532 3071 Mox
559 3018 705 3086 Gregorius
728 3018 846 3071 Putamus
870 3035 931 3069 cum
962 3026 1043 3071 coetu
1063 3033 1112 3069 suo
1137 3020 1276 3084 surgentes

193 3088 417 3159 Barlaamumque
443 3089 593 3157 complexi,
623 3090 730 3141 veniam
755 3090 911 3158 praeteritis
936 3087 1057 3141 libenter
1087 3085 1222 3139 dederunt
1247 3092 1276 3139 ct

192 3158 359 3226 praeclarum
378 3161 458 3211 istam
471 3160 651 3211 mutationem
666 3157 873 3227 praedicarunt,
891 3160 1006 3227 Deoque
1022 3159 1096 3228 pacis
1115 3165 1143 3209 et
1160 3171 1275 3208 concor·
1306 3214 1313 3221 ⁶

193 3227 257 3285 diue
277 3231 376 3298 gratiss
395 3237 527 3299 egerunt,
548 3230 724 3297 prolitentes,
747 3246 799 3281 nec
816 3247 845 3282 se
864 3237 1032 3283 terrenorum
1050 3245 1082 3280 uc
1099 3226 1275 3297 pereuntium

193 3315 283 3350 rerum
296 3300 387 3369 =gretie
405 3309 460 3352 tem
477 3300 575 3351 aeriter
592 3316 739 3368 pugnasse:
763 3297 873 3362 sedne,
891 3298 920 3351 in
939 3300 1030 3367 plures
1049 3300 1119 3353 malo
1139 3314 1274 3368 propage-

193 3377 240 3432 to,
258 3377 305 3421 aut
323 3387 510 3439 perversorum
527 3369 683 3439 dogmatum
710 3371 825 3423 ecclesio
845 3370 1014 3439 repleretur,
1039 3377 1087 3422 eut
1108 3366 1275 3423 sectionibus

193 3447 224 3491 et
240 3438 359 3493 dissidiis
372 3443 402 3492 in
420 3458 449 3493 se
464 3442 524 3509 ipso
542 3439 728 3511 divideretur,
747 3440 812 3493 dum
831 3440 878 3492 alii
896 3437 957 3503 his,
975 3441 1024 3492 ulii
1042 3441 1098 3492 illis
1117 3438 1273 3492 adhaerent.

192 3510 233 3563 Ae
252 3520 396 3580 propterea
414 3509 561 3563 immodice
576 3510 710 3579 litigiosos
730 3504 758 3564 se
777 3510 943 3581 apparuisse,
961 3513 1009 3583 qui
1026 3511 1056 3563 iu
1070 3509 1132 3562 aliis
1147 3507 1275 3561 omuibus

195 3577 230 3630 ad
248 3581 484 3634 mansuetudinem
501 3587 531 3634 et
547 3581 632 3632 animi
655 3579 865 3635 submissionem
884 3579 985 3634 eruditi
1010 3582 1082 3640 sint:
1111 3579 1160 3631 ubi
1182 3585 1274 3631 sutem

193 3648 269 3706 Deus
294 3651 323 3701 in
346 3652 498 3721 periculum
516 3658 647 3714 vocatur,
673 3651 714 3703 ibi
734 3661 873 3722 promptos
892 3669 950 3703 esse
971 3661 999 3704 et
1017 3648 1215 3704 inexorabiles:
1245 3655 1275 3709 et

193 3720 336 3788 nequead
355 3722 531 3791 opprobrium
550 3738 720 3791 aegrescere,
740 3739 830 3794 neque
849 3720 885 3775 nd
902 3721 1011 3774 leudem
1022 3718 1169 3772 humanam
1188 3719 1274 3771 emol-

192 3787 303 3841 lescere.
331 3790 466 3863 Quoniam
483 3809 546 3846 vcro
565 3794 639 3861 pacis
660 3801 688 3845 et
706 3793 869 3847 concordiae
887 3792 961 3843 Deus
981 3791 1112 3843 distantia
1128 3790 1273 3860 copularit,

130 3878 136 3893 ⁸
193 3867 269 3912 etse
288 3871 411 3982 prompte
430 3880 445 3913 n
465 3863 641 3916 contentione
668 3863 799 3917 desistere
826 3874 854 3917 et
877 3863 920 3913 illi
945 3862 1044 3932 gratiss
1078 3858 1197 3922 hebere,
1223 3861 1272 3931 qui

190 3932 265 4000 pacis
311 3934 372 3984 uius
402 3942 494 3986 auctor
519 3936 653 4004 imprimis
679 3935 770 3988 luerit.
807 3930 980 3986 Postmodum
1003 3934 1150 4000 immutor
1177 3937 1206 3983 et
1222 3946 1272 3998 pc·

191 4000 310 4054 triorche
328 4010 459 4073 utrosque
475 4004 509 4057 de
527 4018 610 4074 prce,
627 4010 658 4056 ut
676 4005 838 4074 oportebat,
864 4003 986 4065 allocuti,
1006 4003 1140 4070 synodum
1158 4000 1272 4054 dimise-

191 4079 264 4128 runt.
303 4073 455 4126 Burlnnmus
473 4073 548 4128 haud
565 4076 673 4146 longum
690 4085 798 4145 tempus
814 4074 936 4142 Byzantii
953 4081 1090 4137 moratus,
1109 4073 1272 4141 imperatore

190 4140 266 4197 brevi
285 4141 431 4210 defuneto,
461 4162 547 4227 oeque
565 4154 597 4212 ut
613 4147 690 4220 prius
709 4146 743 4205 de
766 4145 898 4217 dogmatis
916 4144 994 4201 litem
1011 4145 1111 4208 movit,
1140 4140 1271 4201 iudicium
