3000 4742
482 254 766 325 fflswmtifflm
795 258 836 323 11.
858 265 910 333 το,
983 268 987 279 ’
1140 235 1250 351 399·

142 416 222 484 κατό
238 414 292 483 τόν
308 411 469 497 ποταμόν,
489 411 689 497 λογισάμενοι
709 409 807 479 αότόν
827 414 864 479 ἐκ
883 412 1036 500 προνοίας
1056 409 1372 501 deoaerici-Maian

143 522 233 599 χθαι,
253 511 488 579 κατεστέλλοντό
508 535 544 578 τε
563 511 777 598 θορυβοῦντες
796 514 852 578 καί
870 510 976 577 odedu
995 514 1070 601 περί
1088 512 1229 594 στάσεως

141 614 330 699 προσδοκίαν
360 610 512 695 οόδεμίαν
540 604 637 694 εἶχον.
679 607 695 676 ό
718 608 869 696 δεσπότης
897 613 957 695 μὲν
985 605 1042 677 οὖν
1063 609 1144 680 νότον
1164 617 1228 681 διέ-

142 737 222 799 φυγε
241 713 276 779 τό
296 714 469 778 ἀποθανεῖν
489 708 565 798 πρός
584 712 629 798 τῷ
648 712 731 795 μηδὲ
752 715 815 775 τῶν
837 702 943 792 ὄψεων
965 711 1230 799 ἀποστερηθῆναι·

118 807 311 898 5Λόσκαριν
332 814 368 876 δὲ
387 807 441 876 τόν
457 809 654 890 Καλαμόνον
676 805 692 873 ό
713 811 813 894 μέγας
833 813 1015 893 δομὲστικος
1035 814 1080 888 εἰς
1093 812 1244 892 Recto-u

141 932 209 977 τιον
242 913 374 992 πέμψας
403 909 661 995 πρωτοστρόεορι
690 907 927 993 ἐπιτροπεύοντι
956 912 1059 977 αόεοῦ
1089 909 1127 977 τό
1157 911 1231 997 περί

140 1012 299 1092 βασιλέως
319 1007 444 1093 ἐδήλου*
486 1005 611 1072 ἐκέλευέ
637 1029 671 1070 τε
690 1000 787 1072 αότόν
807 1031 841 1074 τε
862 1007 988 1091 ὀμνύειν
1006 1007 1061 1075 τόν
1080 1033 1227 1096 προειρη-

140 1108 237 1189 μένον
260 1102 374 1194 όρκον,
411 1103 468 1171 καί
491 1114 556 1184 τοῖς
585 1097 691 1182 ἄλλοις
719 1106 895 1194 ἐπιτρέπειν
925 1110 989 1176 τεόν
1018 1110 1228 1193 συγκλητικῶν

142 1204 283 1282 καὶτοῖς
304 1208 447 1282 δυνατοῖς
473 1207 536 1271 τῶν
554 1201 751 1284 Βυζαντίων·
802 1204 858 1271 καί
883 1202 919 1288 ός
941 1205 1099 1295 μελλήσας
1116 1209 1226 1293 μηδὲν,

103 1305 243 1372 ϊοέποίει
263 1304 304 1371 τό
323 1306 587 1392 προστεταγμένα

223 1402 274 1482 ις’.
311 1404 515 1491 Ἀνδρόνικος
539 1407 575 1470 δὲ
596 1404 615 1468 ό
635 1401 848 1492 πρεσβότερος
876 1404 1026 1489 βασιλεός
1052 1405 1257 1491 πυθόμενοςρ

140 1504 218 1592 περὶ
242 1506 398 1589 βασιλέως
428 1503 652 1589 τοόέγγόνου,
681 1505 726 1582 τός
753 1505 907 1591 νοσήματι
935 1501 1003 1583 όξεῖ
1024 1511 1231 1590 κατασχεθεὶς

141 1602 356 1693 προσδόκιμός
376 1607 462 1671 ἐστιν
482 1604 675 1687 ἀποθανεῖν,
696 1604 781 1691 όριόν
803 1609 838 1672 δὲ
859 1608 915 1670 καί
933 1602 1007 1683 τοός
1028 1610 1233 1688 τελουμένους

141 1699 279 1789 όρκους,
312 1700 369 1780 σός
389 1707 443 1771 ἐπὶ
468 1707 623 1789 βασιλέως
650 1697 720 1793 ᾔδει
738 1707 923 1788 γινομένους
944 1706 1093 1794 τελευτή,
1126 1703 1233 1780 δείσας

104 1801 187 1889 ιὸμή
209 1803 452 1889 τελευτήσαντος
478 1803 574 1869 αὐτοῦ
603 1808 794 1891 νεωτερισθῇ
820 1828 852 1869 τι
871 1807 946 1890 περὶ
966 1799 1061 1870 αότόν
1088 1803 1144 1868 καί
1168 1800 1232 1869 όπό

142 1927 239 1969 τινων
267 1904 467 1992 όποστερηθή
487 1900 521 1968 τό
545 1905 601 1986 ζήν
623 1903 813 1987 οἷησομένιον
841 1903 1054 1989 ἐπιθήσεσθαι
1082 1900 1178 1968 πόλιν
1195 1904 1237 1988 τῇ

142 1992 230 2089 όρχῇ
255 2000 447 2084 Ῥωμαίων,
468 2001 604 2087 ήτήσατο
623 2003 774 2086 γενέσθαι
791 2000 953 2086 μοναχός,
976 2002 1114 2084 οἰόμενος
1134 1997 1263 2078 uiseret)

142 2095 184 2165 ἐν
204 2103 373 2188 διαφυγεῖν
393 2098 427 2166 τό
450 2098 637 2184 ἀποθανεῖν,
667 2095 706 2166 ἐν
727 2100 745 2166 ό
766 2100 890 2186 ἔγγονος
911 2101 1091 2190 τελευτήσῃ·
1131 2098 1236 2167 ἐνδόν-

141 2221 196 2274 τος
220 2202 255 2264 δέ
273 2202 329 2264 καί
347 2197 647 2287 πρωτοστράτορος,
669 2198 750 2287 ῥάκη
771 2226 804 2267 τε
826 2203 917 2268 ἐνέδυ
938 2204 994 2268 καί
1014 2197 1181 2277 Ἀντιόνιος
1201 2203 1236 2278 ἐξ

103 2295 352 2384 αοἈνδρονιίιον
372 2301 617 2385 μετωνομάσθη.
635 2295 836 2386 Ἀνδρόνικος
857 2303 892 2367 δέ
915 2299 933 2366 ό
954 2298 1105 2384 βασιλεὺς
1123 2304 1162 2386 τῇ
1183 2298 1237 2364 νό-

141 2419 188 2487 στρ
218 2394 426 2481 συνεχόμενος
448 2400 556 2474 δειναῖς
576 2397 632 2463 καί
659 2394 732 2463 όσον
759 2392 845 2464 odam
874 2402 1009 2482 νομίζων
1037 2395 1133 2465 αότόν
1157 2394 1236 2463 drzu-

141 2500 265 2581 λείψειν
291 2496 346 2562 καό
363 2497 399 2563 τό
421 2500 496 2584 ζήν,
525 2497 600 2575 τοός
621 2497 750 2585 ίατροός
777 2497 1069 2586 προσκαλεσάμενος
1102 2495 1238 2582 ,,όμει”ς”

141 2592 234 2663 εἶπεν
264 2596 353 2682 ,ἴστε
374 2600 487 2685 σαφῶς
508 2594 570 2666 όσα
596 2623 629 2666 τε
660 2600 840 2686 διειλέχθην
860 2597 939 2686 πρός
959 2600 1045 2683 όμᾶς
1065 2593 1160 2675 αότός
1179 2599 1237 2664 τοῦ
1300 2621 1307 2631 ’

144 2697 213 2759 τῶν
246 2701 395 2780 μοναχιόν
424 2699 590 2785 ἐφιέμενος
618 2697 781 2786 σχήματος
807 2701 986 2782 ἐπιτυχεῖν,
1011 2698 1076 2782 οὐχ
1103 2694 1146 2773 σός
1175 2691 1236 2784 ήδη

142 2896 300 2949 actuarioio
329 2898 452 2953 auditum
479 2908 537 2966 est,
571 2898 704 2955 divinitus
730 2902 809 2974 aquis
838 2902 1022 2971 praefocatum
1046 2901 1113 2964 rati,
1142 2898 1235 2953 turbes

137 2968 238 3020 facere
256 2975 286 3019 et
302 2968 465 3022 seditionem
482 2973 580 3034 timere
596 2973 743 3025 desierunt
788 2973 828 3024 Ita
849 2989 883 3024 ue
900 2972 1014 3042 despota
1031 2978 1060 3022 et
1076 2978 1190 3022 mortem
1208 2978 1238 3023 et

137 3038 289 3091 oculorum
306 3038 451 3093 orbitatem
472 3043 574 3113 effugit.
610 3044 782 3096 Domesticos
801 2990 978 3097 Ciiamanum
988 3040 1236 3107 Lascarimiiyzan-
1333 3060 1337 3067 ·

138 3110 216 3163 tium
234 3107 268 3160 ad
281 3118 501 3176 protocursorem
520 3113 686 3183 praesectum
701 3129 783 3183 snper
795 3121 864 3165 stetu
877 3111 1048 3182 imperatoris
1058 3109 1235 3182 riguiiicando

140 3179 239 3234 misit:
253 3181 458 3251 praecepitque,
475 3189 506 3234 ut
519 3191 547 3234 et
565 3185 634 3253 ipse,
647 3183 681 3236 de
700 3199 754 3254 quo
765 3182 834 3248 dixi,
844 3183 1027 3235 iuramentum
1040 3181 1142 3246 ederet,
1154 3190 1236 3253 utque

142 3267 180 3306 eo
205 3251 343 3322 principes
362 3251 477 3304 civitatis
496 3252 643 3324 obligarem
668 3257 716 3326 qui
741 3255 899 3306 maturrime
919 3252 1017 3321 paruit.

222 3324 259 3374 τό
297 3321 468 3375 Andronicus
478 3341 559 3392 porro
578 3326 677 3387 senior,
697 3333 826 3394 nepotem
838 3324 947 3376 difficili
965 3321 1059 3376 morbo
1078 3322 1238 3376 conflictan-

143 3400 202 3447 tem
221 3409 307 3463 prope
325 3411 340 3444 a
357 3395 441 3446 innuo
457 3393 528 3447 lethi
546 3394 640 3447 abesse
658 3396 793 3464 accipiens
815 3403 843 3447 et
860 3398 914 3447 iem
927 3433 936 3459 ,
951 3400 984 3445 ut
999 3394 1029 3446 in
1050 3394 1128 3447 obitu
1146 3394 1237 3464 impe-

144 3472 268 3518 rstorum
284 3481 343 3516 mos
362 3473 418 3529 est,
437 3475 604 3519 sacramenta
623 3466 695 3518 dici:
714 3467 885 3537 timensque,
903 3483 939 3519 ne
959 3482 991 3517 eo
1011 3467 1132 3517 extincto
1151 3463 1237 3535 quid·

145 3537 224 3607 piam
241 3536 305 3587 novi
323 3552 352 3589 se
370 3537 467 3589 fieret:
487 3544 515 3589 et
533 3539 735 3607 reperirentur¹
756 3539 805 3606 qui
822 3536 876 3588 sibi
898 3538 1016 3589 animum
1034 3542 1238 3605 extorquerent,

147 3604 224 3675 quod
243 3604 330 3672 ipsum
348 3626 441 3661 rursus
459 3609 605 3677 imperium
622 3610 779 3660 invasurum
797 3615 938 3677 poterent,
958 3608 1069 3676 ,rogarit
1087 3607 1117 3661 in
1137 3621 1237 3657 nume-

147 3690 210 3727 rum
233 3676 425 3731 monachorum
455 3680 570 3731 reterri:
600 3676 675 3750 quod
703 3678 741 3730 ita
769 3678 876 3731 demum
903 3696 933 3731 se
957 3679 1042 3730 vitam
1068 3684 1239 3728 retenturum

149 3744 317 3809 confideret,
335 3757 364 3800 et
380 3750 583 3818 protostratoris
602 3748 736 3820 permisso
756 3759 857 3803 vestem
877 3748 1004 3803 detritam
1023 3746 1129 3807 induit,
1147 3754 1238 3796 muta·

149 3822 234 3885 toque
252 3817 371 3880 nomine,
388 3838 437 3889 pro
458 3820 613 3874 Andronico
629 3819 765 3873 Antonius
784 3821 938 3891 appellatus
957 3826 1006 3875 est.
1041 3816 1240 3884 scruposum

151 3902 212 3938 eum
230 3888 266 3939 ob
285 3888 372 3939 morbi
391 3891 604 3959 magnitudinem
618 3892 744 3960 spiritum
761 3892 889 3944 ultimum
913 3890 1022 3941 iamiam
1046 3903 1075 3939 se
1095 3886 1240 3939 ducturum

152 3956 290 4022 erederet,
318 3961 416 4012 coactis
435 3961 566 4026 medicis,
597 3961 682 4015 Probe
711 3960 911 4023 recordamini,
936 3958 1045 4044 inquit,
1069 3975 1138 4028 quae
1162 3958 1240 4010 robis

150 4024 187 4079 ad
204 4030 381 4083 monasticam
397 4039 498 4083 restem
516 4031 695 4085 obtinendam
713 4031 845 4085 dixerim:
864 4047 920 4085 non
940 4045 1006 4099 qum
1026 4028 1060 4081 de
1078 4029 1134 4081 vita
1160 4045 1240 4112 pror-

151 4113 197 4149 sus
216 4098 417 4171 desperassem
434 4102 483 4154 sed
502 4105 567 4175 quia
585 4102 742 4166 arbitrarer,
761 4101 868 4155 etiamsi
882 4101 984 4154 firmam
1005 4116 1080 4169 spem
1101 4097 1240 4169 sospitetis

150 4166 301 4240 haberem,
323 4173 355 4227 in
370 4180 515 4247 utramque
530 4180 639 4246 partem
655 4173 686 4230 id
702 4172 773 4229 mihi
789 4172 863 4229 bono
886 4171 954 4227 iore.
991 4170 1053 4227 Sive
1072 4171 1145 4224 enim
1161 4168 1239 4225 rivo-
