3000 4742
540 265 823 333 msronrmmr
851 272 891 331 11.
912 276 942 338 ι.
1185 243 1275 330 33ι

212 424 258 511 τῷ
279 416 455 502 ἀδυναμίαν
474 415 634 501 coracisii,
662 412 762 494 οῦτως
784 414 919 500 ἀποιήσω
940 415 1017 496 τοῦς
1040 418 1158 504 λόγους.
1177 412 1219 495 οῦ
1240 418 1425 507 62)th

213 526 303 587 ἕνεκα
322 523 376 585 ναί
389 520 588 603 ἀχθεσθῆναι
606 513 702 583 εἶπον.
721 519 794 581 νυνί
813 517 833 579 δ
841 521 850 546 ’
862 515 935 581 ἐπεί
946 538 998 580 σοι
1013 521 1104 601 φίλον
1121 518 1317 606 dantuiri-D

212 643 265 684 ναι
283 619 500 704 Σαρμιάννην,
533 613 569 679 τὰ
593 614 712 680 κωλῦον
737 614 839 678 otto.
873 608 954 677 ἅττα
980 611 1042 699 γάρ
1067 608 1108 680 ἀν
1128 610 1211 703 αὐτῷ
1235 641 1286 683 σοι

211 719 266 783 καί
281 718 430 800 βέλτιστα
456 715 531 803 dorp]
550 712 606 778 ναὶ
626 714 722 798 ἡδέα,
755 706 812 775 οῦν
829 710 899 775 ἔσθ’
916 707 1001 788 ὅπως
1020 710 1065 797 μὴ
1086 715 1120 776 ἐκ
1139 717 1194 779 τοῦ
1213 711 1284 780 ἴσον
1381 738 1389 753 ·

191 811 306 898 ὄῦμοια
323 810 423 897 κάμοί
442 817 572 879 δονεῖν.”
608 810 651 879 ‘0
674 816 772 896 μέγας
795 812 831 876 δὲ
846 810 1026 892 ἀαμίστικος
1045 811 1171 898 ,,ἀληθη”
1187 836 1222 896 με
1240 811 1287 880 εἴ·

210 918 331 999 ρηιιας”
349 907 434 978 εἶπεν
459 905 509 995 „03
535 912 682 994 βασιλεῦ,
710 901 832 995 οῦηάρ
855 910 958 989 ἐστιν,
986 909 1044 973 οῦν
1067 907 1152 976 ἔστιν
1183 912 1285 995 οὐδὲν,

212 1010 440 1096 ῦθελήσαντος
465 1014 546 1092 ἐμοῦ
573 1009 777 1095 πραχθῆναι,
805 1008 949 1075 ἐναντίοιν
974 1004 1070 1085 οἴσεις
1090 1011 1201 1096 ψῆφον
1225 1006 1286 1075 αῦ-

212 1110 273 1186 ric.
294 1106 350 1173 καί
366 1111 457 1176 τοῦτο
478 1108 534 1173 οάκ
562 1102 624 1172 ἀπὸ
647 1111 710 1171 τοῦν
732 1103 809 1192 πρὸς
828 1107 885 1186 ἐμὲ
910 1105 1081 1191 εἰρημένων
1094 1106 1166 1172 νυνί
1177 1112 1285 1192 λόγων,

213 1206 295 1274 ἀλλά
316 1206 395 1272 nort
428 1203 580 1293 πρότερον
607 1207 642 1283 ἔξ
671 1203 776 1270 adroic
797 1206 861 1270 τοῦν
884 1202 982 1290 ἔργων
1009 1202 1086 1287 ἀμοί
1108 1228 1143 1271 ca
1164 1207 1307 1291 πριῦεονι

155 1302 270 1376 'rorat'
285 1313 348 1380 τοῖς
368 1296 473 1379 ἄλλοις
495 1299 613 1370 ἅπασίν
635 1305 704 1369 ἐστι
720 1306 909 1389 καταφανίς.
937 1296 987 1367 dn
1002 1305 1038 1367 δὲ
1058 1302 1110 1369 τὸν
1127 1298 1195 1368 ἴσον
1210 1301 1285 1389 τρά-
1375 1364 1382 1376 ,

214 1428 272 1470 πον
287 1401 352 1486 ἔχω
370 1402 425 1468 καί
436 1400 530 1478 αὐτὸς
544 1399 622 1488 πρὸς
638 1404 691 1483 σὲ,
712 1399 788 1465 odd'
805 1399 994 1481 α’παῦειξεως
1013 1398 1181 1487 δεήσεσθαι
1195 1403 1286 1465 δοκοῦ·

213 1501 309 1578 utriq
329 1498 388 1587 γάρ
407 1524 464 1584 μοι
482 1498 610 1587 φθάσας
625 1499 777 1585 πρότερον
796 1498 1074 1586 σννεμαρτῦρησας
1091 1501 1201 1575 καλῶς.
1220 1496 1280 1583 ἐμά
1288 1507 1314 1560 Ρ.
1325 1503 1397 1564 aot·

212 1603 250 1666 dl
277 1598 335 1685 τὴν
360 1596 440 1683 πρὸς
464 1596 615 1683 ἀλλήλους
643 1597 733 1681 ἡμῶν
761 1595 871 1682 φιλίαν
898 1595 1123 1682 παραβάλλων,
1157 1600 1201 1684 τῷ
1223 1600 1284 1679 μὲν

213 1691 294 1787 ῦμκφ
325 1699 381 1781 τῆς
411 1697 511 1781 ἀρχῆς
543 1696 598 1759 καί
624 1698 669 1783 τῷ
697 1697 825 1779 μεγέθει
850 1695 1065 1765 ἐλασσοῦσθαι
1087 1696 1204 1776 νομίζω
1230 1693 1286 1763 aas*

174 1793 299 1877 ιὸπαρρὶ
325 1792 417 1858 noti·
444 1801 509 1869 τοῖς
534 1800 653 1868 λοιποῖς
678 1795 713 1858 δὲ
740 1788 840 1859 ἅπασι
862 1794 1026 1859 λείπεσθαι
1050 1788 1118 1857 odd'
1135 1791 1286 1859 ὁπωσοῦν.

215 1888 254 1957 οῦ
268 1891 366 1975 μόνον
378 1889 438 1977 γάρ
455 1887 680 1978 ῦπροείρηνας
693 1889 808 1975 αάτός,
820 1891 898 1967 ,ἀλλ’
916 1887 950 1956 εἴ
963 1916 996 1956 τι
1010 1895 1065 1956 καί
1079 1889 1200 1956 τούτων
1216 1899 1286 1972 pert-

213 1994 285 2072 ζον,
305 1987 361 2053 ναί
376 1997 478 2054 ποιεῖν
500 1990 556 2053 καί
570 1985 833 2076 ῦπαμένεινῦπὲρ
854 1992 909 2075 τῆς
924 1987 1001 2075 πρὸς
1022 1992 1060 2055 σὲ
1075 1988 1183 2076 φιλίας
1204 1993 1285 2054 iror-

210 2112 270 2171 μος
289 2082 381 2152 είναι.
420 2082 521 2152 καίτοι
540 2110 575 2170 γε
592 2091 662 2151 ναι)
678 2084 817 2170 ἐμαυτὸν
838 2084 984 2163 πολλάκις
1003 2086 1076 2163 τοῦς
1094 2085 1180 2173 παρά
1194 2110 1285 2172 ποιη-

110 2204 116 2213 ·
210 2194 280 2261 ταῖς
313 2187 369 2252 καί
391 2188 607 2271 σνγγραφεῦσι
635 2183 722 2273 παρὰ
748 2189 851 2251 πάντα
883 2185 939 2251 τὸν
966 2185 1081 2272 χρόνον
1114 2188 1170 2252 tut
1195 2184 1286 2277 φιλίην
1362 2232 1365 2237 -

170 2283 423 2366 ασῦμνοαμίνοος
437 2280 596 2366 ἐξετάζων,
610 2282 665 2349 mi
677 2284 887 2369 παραβάλλων
896 2290 961 2361 τοῖς
973 2284 1135 2370 ἡμετέροις
1150 2281 1189 2348 τά
1205 2283 1286 2348 ἑκεί-

209 2406 281 2464 cmv,
303 2381 404 2446 καίτοι
420 2404 456 2464 ys
470 2379 644 2447 δοκούντων
665 2386 704 2469 τῇ
724 2387 886 2472 φιλοειμίη
899 2384 962 2448 νῦν
976 2384 1114 2468 ποιητῶν
1131 2385 1186 2448 καί
1202 2383 1283 2466 πέρα
1371 2428 1380 2443 .

209 2480 268 2544 τοῦ
290 2480 429 2563 ἀληθοῦς
456 2477 511 2544 ναί
538 2479 745 2569 προσήκοντος
774 2481 952 2565 ηὐξῆσθαι,
983 2476 1069 2562 ὅμως
1093 2485 1160 2546 και)
1189 2480 1307 2549 οῦδὲνβ

139 2622 144 2631 -
210 2576 392 2657 ἀποδέοντα,
420 2578 450 2642 ελ
467 2570 516 2661 μῆ
533 2575 588 2644 καί
603 2577 702 2660 μείζω
722 2576 761 2644 τά
782 2578 919 2665 ἡμέτερα
936 2577 1083 2665 εῦρίσκοο.
1107 2579 1138 2644 εἰ
1154 2580 1192 2643 δέ
1210 2600 1285 2643 ποτε

211 2677 352 2759 συμβαίη
374 2673 523 2754 τοιούτοις
541 2684 699 2761 λογισμοῖς
716 2686 912 2765 περιπεσεῖν,
933 2672 1014 2743 olore
1028 2674 1239 2765 ἀμφιβάλλειν
1254 2675 1290 2742 εἴ

213 2842 268 2897 quc
285 2824 338 2878 lroc
355 2843 421 2890 esse,
439 2828 512 2900 quod
531 2828 585 2882 sibi
601 2830 744 2883 molestum
770 2825 891 2883 ac'cidere
907 2835 1021 2883 testatus
1043 2829 1087 2882 sit.
1108 2828 1198 2880 Nunc
1212 2845 1283 2899 quo·

211 2896 286 2948 niam
304 2904 394 2964 optet,
420 2899 594 2969 Syrgiannem
619 2917 756 2952 coarcere
774 2900 868 2964 educi,
894 2897 1068 2951 educeretur:
1106 2914 1283 2969 quaecunque

212 2967 300 3038 enim¹
317 2969 375 3034 ipse
406 2968 436 3020 in
464 2970 543 3022 bonis
578 2976 607 3022 et
638 2970 764 3023 iucundis
807 2977 977 3033 numeraret,
1011 2969 1070 3019 fieri
1103 2984 1158 3023 non
1187 2983 1284 3037 posse,

210 3038 278 3107 quin
304 3036 338 3087 ab
364 3053 393 3088 se
418 3055 526 3109 quoque
543 3050 756 3092 numerarentur.
792 3041 863 3092 Tum
881 3055 925 3091 ma
943 3056 994 3090 uus
1013 3036 1185 3090 domesticum
1211 3037 1284 3099 Vera,

209 3115 275 3158 runt
296 3104 379 3168 haec,
405 3109 564 3177 imperator5
591 3108 662 3160 nihil
683 3112 757 3171 enirn
779 3118 835 3173 est,
864 3108 925 3161 nihi
946 3146 954 3172 ‚
973 3109 1002 3159 ln
1023 3123 1101 3170 nam,
1126 3114 1181 3170 est,
1208 3102 1283 3176 quod

208 3177 232 3227 si
258 3176 317 3228 lieri
340 3176 438 3240 velim,
465 3185 494 3229 tu
518 3195 574 3230 non
598 3178 741 3241 concedam
768 3180 852 3252 idque
869 3197 925 3233 non
950 3194 984 3230 ex
1004 3126 1060 3230 liae
1078 3178 1200 3228 oratione
1217 3182 1282 3241 tua,

208 3244 256 3298 sed
287 3263 321 3301 ex
348 3245 427 3299 iactis
451 3248 517 3317 ipsis
541 3246 608 3298 mihi
635 3248 772 3316 inprimis,
808 3249 908 3302 deinde
937 3248 998 3301 eliis
1024 3246 1149 3299 omnibus
1177 3245 1282 3315 pridem

161 3312 165 3320 ’
209 3323 322 3368 constat
359 3316 404 3369 Me
423 3325 513 3369 autem
535 3318 632 3369 eodem
649 3334 706 3370 esse
730 3320 761 3371 in
783 3327 810 3371 te
828 3320 934 3381 animo,
953 3316 1075 3387 pluribus
1094 3315 1282 3368 demonstran-

208 3384 272 3436 dum
296 3404 351 3439 non
376 3388 487 3455 opinor,
517 3395 547 3439 tu
573 3388 646 3440 enim
671 3389 737 3438 alias
762 3388 829 3440 mihi
848 3389 1012 3459 praecluum
1034 3386 1115 3439 huius
1142 3388 1180 3438 rei
1200 3387 1284 3438 testi·

211 3458 330 3507 monium
347 3456 527 3524 impartivisti.
561 3458 616 3527 Ego
634 3472 696 3508 vero
715 3475 775 3510 cum
793 3467 914 3513 mutuum
938 3474 1053 3510 amorem
1072 3463 1191 3523 nostrum
1209 3472 1283 3509 com·

211 3541 294 3593 paro,
318 3528 504 3597 magnitudine
529 3533 557 3579 et
583 3530 722 3580 maiestate
753 3529 860 3597 imperii
883 3529 997 3580 multum
1023 3528 1158 3596 inperari,
1184 3527 1282 3579 ceteris

209 3593 290 3645 rebus
308 3614 343 3648 ne
359 3599 497 3651 tantillum
516 3599 626 3668 quidem
645 3598 693 3649 abs
716 3607 744 3651 te
771 3598 843 3650 rinei
867 3614 910 3650 me
928 3599 1061 3651 existimo.
1097 3596 1191 3680 Neque
1209 3596 1282 3649 enim

210 3678 242 3713 ea
259 3663 344 3716 solum
362 3683 430 3736 quae
448 3668 673 3730 commemorasti,
704 3667 752 3721 sed
777 3669 801 3720 ri
838 3669 886 3720 uid
903 3669 937 3720 iis
957 3669 1044 3719 maius
1063 3666 1209 3735 excogitari
1226 3682 1281 3735 po·

207 3739 277 3794 test,
303 3752 352 3804 pro
376 3753 408 3789 eo
434 3746 564 3807 quantum
589 3748 616 3791 te
638 3738 738 3808 diligo,
767 3747 796 3791 et
817 3687 904 3791 deicere
930 3746 958 3791 et
978 3738 1085 3808 perpeti
1106 3753 1140 3787 en
1157 3742 1281 3804 paratum
1327 3774 1330 3781 ,

207 3800 300 3853 habes.
343 3805 376 3856 Et
402 3810 520 3877 quamvis
546 3825 738 3880 saepenumero
765 3826 814 3879 per
843 3825 887 3862 me
917 3810 976 3879 ipse
1005 3804 1170 3858 consideravi
1198 3813 1280 3876 atque

209 3888 268 3923 cum
287 3882 379 3926 nostra
397 3879 587 3931 coniunctione
608 3880 726 3942 contuli,
744 3897 812 3951 quos
830 3881 860 3931 in
880 3880 953 3930 omni
970 3877 1097 3928 memoria
1114 3893 1129 3926 a
1146 3878 1237 3945 poetis
1253 3883 1282 3928 et
1317 3880 1329 3903 ”

208 3938 343 3995 historicis
359 3944 392 3995 ab
410 3948 526 4001 amicitia
542 3948 693 4002 celebrator
711 3949 831 4011 invenio,
848 3948 912 4017 (etsi
928 3952 1027 4018 potitae
1045 3945 1217 3999 ambitiosius
1233 3962 1281 3997 su·
1353 3965 1356 3973 ¹

205 4026 307 4081 proque
324 4031 415 4065 verum
434 4026 462 4069 et
478 4018 538 4086 plus
554 4036 634 4090 quam
652 4019 731 4072 decet
748 4036 805 4071 rem
823 4033 996 4087 exaggerasse
1012 4014 1173 4087 videantur‚)
1191 4015 1280 4068 nihilo

206 4082 295 4133 miuus
313 4085 451 4136 caritatem
479 4099 596 4141 nostram
616 4090 638 4140 ri
658 4107 713 4142 nou
730 4089 867 4149 maiorem,
885 4094 957 4139 corte
975 4085 1048 4138 haud
1064 4087 1196 4140 minorem
1215 4086 1280 4136 illo·

88 4198 93 4213 ,
206 4166 266 4205 rum
283 4154 393 4208 caritate
416 4156 533 4211 turonio.
568 4158 655 4230 Quod
682 4158 873 4231 sialiquando
892 4157 998 4212 ineam
1021 4158 1213 4226 cogitationem
1229 4166 1279 4209 re-
