3000 4742
519 287 800 354 msromsnuu
829 292 869 355 n.
890 294 942 361 νο.
1188 266 1271 381 λθγ

199 442 325 526 ῖδιάτης
339 439 500 522 Ῥωμαῖον
520 440 671 531 άδικὴσγ,
691 437 754 506 άπὸ
775 444 837 508 τῶν
853 441 1030 528 προσόντων
1051 442 1139 535 odedi
1158 445 1337 531 appui-An.
1352 455 1418 524 stit

198 564 262 606 των
288 535 310 624 ἢ
339 537 527 625 πραγμάτων
541 539 604 624 τὴν
630 543 742 625 ζημίαν
762 543 994 624 ἀπολαμβάνειν
1014 542 1068 610 τάν
1094 532 1272 627 Ῥωμαῖον.

197 630 237 705 άν
256 641 292 704 δέ
311 642 367 704 καί
384 641 423 725 τῇ
441 641 584 728 βασιλείρ
604 638 774 721 Ῥωμαίων
792 640 850 724 τὴν
871 640 984 724 ζημίαν
1006 645 1135 731 προξενῇ
1171 640 1194 729 ἢ
1215 648 1269 729 νῆ-

196 761 252 804 σον
272 731 492 823 διαρπάζωνῆ
511 736 601 802 πάλιν
620 736 692 803 τινά
713 738 867 824 παράλιον
888 731 909 824 ἦ
927 764 958 804 τι
977 741 1100 825 ἕτερον,
1127 744 1180 807 τὸν
1201 741 1272 809 ἴσον

177 837 311 923 ὅτρόπον
335 831 397 901 άπδ
418 840 482 903 τάν
500 836 625 902 ἐκείνων
643 836 805 922 κτημάτων
823 836 879 904 καί
897 836 1100 923 πραγμάτων,
1121 842 1153 905 εί
1164 843 1275 908 πολλοί

191 932 258 1002 ἐἶεν
278 932 300 1020 ἢ
321 930 383 1018 εἷς,
410 935 466 1022 τὴν
487 938 600 1021 ζημάιιν
620 937 847 1003 άποτιννυσθαι
865 943 1006 1022 βασιλεῖ,
1035 937 1134 1002 αάτὸν
1155 940 1192 1004 δέ
1210 957 1295 1025 un:

196 1036 345 1122 φίζεσδαι
372 1038 517 1118 πολέμιον
547 1038 591 1124 τῷ
620 1036 709 1125 δήμῳ
729 1038 786 1101 καί
810 1036 848 1124 τῇ
867 1040 967 1126 βουλῇ
974 1088 985 1120 ,
1020 1038 1075 1102 καί
1093 1037 1298 1123 στρατεάεινῦ

196 1137 245 1199 ἐπ’
265 1135 380 1200 ἐκεῖνον
399 1131 443 1210 ὦς
463 1126 595 1200 άπιστον
616 1134 671 1199 κατ’
689 1132 844 1220 προδότην
864 1137 921 1202 rosi
941 1140 1062 1203 κοινοῦ.
1089 1130 1127 1202 οὗ
1148 1134 1187 1222 ἐρ’
1209 1139 1274 1203 ἓνε-

196 1255 236 1296 κα
255 1231 310 1297 καί
327 1224 460 1314 βασιλέα
478 1232 645 1320 πρεσβείαν
664 1231 744 1320 πρός
761 1237 793 1300 Γ
790 1235 918 1301 ἐννουαν
938 1229 1175 1319 ἀπεσταλκέναι,
1195 1230 1272 1300 ὥστε

159 1328 239 1418 νομὴ
256 1327 353 1413 μόνον
371 1328 412 1396 τά
432 1331 572 1417 κτήματα
592 1330 682 1415 όμοδν
701 1334 764 1400 τῶν
780 1334 949 1418 χρημάτων
964 1336 1051 1399 ἓνεκα
1065 1324 1111 1397 ὧν
1132 1327 1273 1400 άνάλωσε

193 1434 335 1513 πολεμῶν
354 1430 432 1511 ὑμῖν
452 1436 662 1516 παραλαβεῖν,
692 1427 773 1496 άλλά
797 1434 854 1496 καί
872 1429 1010 1517 τριήρεις
1029 1433 1173 1495 κελεῦσαι
1193 1435 1273 1512 πίμ-

192 1544 257 1611 ψαι
274 1534 348 1594 καθ’
368 1529 458 1612 ὖμιδν
477 1527 557 1594 κατά
578 1526 617 1594 τά
638 1528 825 1614 συγκείμενα
846 1528 904 1595 καὶ
927 1527 999 1606 τούς
1020 1522 1151 1612 ὅρκους.
1190 1525 1270 1595 ἐόστε

193 1629 228 1692 ἐκ
247 1631 280 1694 Γ
275 1625 402 1705 εννοάας
422 1628 461 1693 οδ
478 1626 578 1710 μόνον
597 1627 779 1715 ἐπικουρίαν
800 1625 970 1710 οδδεμίαν,
997 1621 1077 1692 άλλά
1108 1630 1163 1693 καί
1180 1627 1268 1692 πόλε-

193 1748 253 1807 μον
272 1730 327 1792 καί
344 1725 496 1792 ἐπίπλουν
516 1730 690 1817 προσδοκρῖν
709 1727 782 1813 χρή.
809 1722 859 1793 ὅτι
879 1730 915 1792 δὲ
935 1726 989 1792 καί
1006 1715 1071 1791 τάν
1091 1727 1271 1810 ἐπιτηδεάον

156 1828 250 1893 strar
276 1849 312 1889 τε
341 1827 456 1903 ἐνδεεῖς
484 1826 555 1891 ἐστε
582 1829 636 1890 καί
658 1830 731 1909 μετ’
759 1825 863 1911 ὀλίγον
881 1827 1037 1909 ἐπιλείψει
1056 1827 1215 1901 παντελῶς
1232 1822 1272 1889 ά-

191 1929 273 2007 μάς,
292 1926 326 2003 ἐξ
345 1924 452 1989 αάταῖν
472 1915 512 1990 άν
531 1949 579 2002 τις
598 1928 662 1993 τῶν
680 1922 872 2011 πραγμάτων
892 1926 1087 2011 άληδόστατα
1106 1925 1272 2011 εεκμὴραιέ

191 2047 244 2093 το.
288 2023 318 2089 oi
337 2022 397 2110 γάρ
419 2026 615 2101 ἐξελαθέντες
633 2027 688 2091 τοῦ
704 2017 813 2101 άστεος
832 2024 891 2112 ὕφ’
913 2019 1002 2106 όμοῖν
1017 2023 1193 2108 Ῥωμαῖοι,
1225 2014 1271 2088 aiv

191 2117 284 2188 αὖτοέ
302 2122 342 2187 τά
363 2124 525 2208 ἐπιτήδεια
545 2123 695 2206 λαβόντες
713 2127 853 2209 χρῆσθε,
884 2122 920 2189 τό
941 2126 1055 2208 μέτρον
1074 2127 1129 2207 τῆς
1147 2124 1268 2208 τροφῆς
1279 2134 1369 2198 Mil

191 2220 271 2307 πρός
290 2219 326 2286 τά
349 2224 411 2286 τῶν
430 2225 698 2307 πολιορκουμένων
720 2227 842 2307 πλῆθος
867 2221 1073 2306 λογιζόμενοι,
1099 2218 1182 2298 ἐντός
1204 2218 1270 2285 δλί-

151 2343 249 2404 αογοα
266 2320 385 2405 χρόνον
405 2318 593 2386 παντάπασί
607 2346 705 2408 φασιν
723 2321 808 2404 άμάς
827 2320 865 2387 τά
890 2323 973 2387 σιτία
995 2321 1175 2403 ἔπιλεάμειν.
1206 2324 1271 2386 λεί-

190 2443 283 2484 πεται
306 2415 344 2505 δὴ
367 2420 446 2501 μίαν
477 2414 701 2485 δπολεάιεσθαι
730 2422 843 2486 ἐλπίδα
870 2418 1027 2505 σωτηρίοις
1034 2469 1044 2501 ,
1069 2415 1104 2484 νά
1135 2419 1269 2502 βασιλέα

189 2514 414 2608 ῥρθομὴσανια
437 2512 459 2606 ἢ
480 2516 534 2585 διά
554 2515 589 2587 εδ
609 2522 674 2588 τῶν
692 2519 943 2605 άναλισκομένων
964 2518 1083 2606 πλῆθος
1098 2517 1269 2608 χρημάτων

189 2703 227 2754 tis
245 2690 316 2756 euim
333 2705 491 2775 planissime
509 2707 597 2777 pactis
616 2714 645 2761 et
663 2706 830 2771 foederibus,
847 2724 918 2779 quae
936 2722 996 2773 eom
1013 2706 1131 2758 llomauo
1151 2702 1266 2773 imperio

189 2782 297 2826 senatus
322 2777 493 2848 populusque
511 2779 676 2830 Genuatium
699 2779 771 2845 pacis
801 2795 879 2830 causa
903 2778 985 2838 feeit,
1008 2782 1117 2845 praeter
1134 2774 1189 2824 aliu
1212 2772 1267 2823 hoe

194 2845 275 2894 etiam
299 2847 450 2909 contineri,
477 2855 508 2900 ut
527 2865 668 2901 commuue
692 2851 811 2918 ipsorum
836 2865 892 2898 non
915 2844 997 2897 modo
1023 2845 1128 2896 nullum
1147 2845 1266 2893 Romam

192 2913 308 2982 imperio
327 2913 519 2968 detrimentum
543 2918 704 2969 damnumve
728 2919 876 2986 importet,
909 2917 932 2966 si
957 2915 1059 2966 nullam
1077 2912 1144 2964 belii
1165 2912 1266 2963 occasi-

191 2999 272 3036 onem
290 2985 412 3048 dederit,
431 2987 479 3037 sed
500 2987 522 3038 si
548 2988 609 3056 quis
629 2989 711 3038 etiam
729 2989 849 3055 privatus
873 2988 1020 3036 Romanum
1037 2981 1189 3052 quempiam
1209 2982 1267 3031 lae·

190 3055 274 3118 serit,
293 3063 324 3108 ut
341 3055 375 3107 de
393 3058 610 3123 possessionibus
627 3065 674 3108 aut
692 3055 869 3108 facultatibus
888 3055 946 3106 eius
958 3057 1077 3105 Romano
1097 3050 1196 3102 mulcta
1212 3050 1268 3101 sol-

191 3133 277 3178 vatur.
315 3126 364 3178 Sin
382 3125 497 3197 imperio
508 3128 626 3177 Romano
645 3125 854 3178 detrimentosus
873 3125 1004 3185 extiterit,
1025 3129 1071 3175 aut
1088 3121 1201 3172 insulam
1221 3125 1270 3170 aut

180 3197 354 3254 „maritimam
374 3195 469 3247 urbem
490 3203 538 3248 aut
556 3197 632 3248 aliud
649 3195 796 3264 diripiens,
823 3203 854 3248 ut
880 3194 973 3246 eadem
991 3189 1149 3244 rationede
1174 3206 1268 3243 eorum

191 3266 409 3336 possessionibus
427 3274 474 3318 aut
491 3266 684 3329 facultatibus,
702 3283 749 3319 seu
768 3267 859 3335 plures
882 3282 929 3317 seu
959 3280 1028 3314 unus
1047 3261 1187 3312 dumtaxat
1203 3259 1266 3312 sue·

191 3338 244 3398 rit,
263 3338 420 3406 imperatori
438 3336 550 3389 satisfiat
567 3339 680 3407 ipseque
700 3354 715 3388 a
735 3344 829 3388 senatu
847 3336 1005 3405 populoque
1027 3331 1164 3384 Geauensi
1182 3329 1267 3382 hostis

190 3407 342 3468 iudicetur,
365 3415 394 3458 et
420 3424 492 3459 arma
518 3409 548 3460 in
570 3408 647 3459 illum
667 3414 697 3461 ut
716 3406 849 3476 perfidum
868 3422 899 3457 sc
916 3404 1082 3473 reipublicae
1100 3399 1268 3470 proditorem

190 3480 338 3546 capiantur.
375 3476 458 3530 Cuius
478 3480 518 3530 rel
533 3478 618 3547 grstia
634 3486 662 3530 et
680 3480 867 3546 imperatorem
886 3476 921 3527 ud
934 3475 1089 3525 Genuenses
1105 3472 1268 3539 legationem

188 3549 293 3599 misisse
310 3549 416 3605 nostis,
432 3566 489 3600 uon
507 3549 594 3602 solum
614 3556 646 3600 ut
662 3547 762 3601 fundos
781 3553 809 3597 et
835 3546 913 3597 villas
931 3553 1032 3596 vestras
1051 3543 1086 3594 ad
1106 3540 1266 3592 reficiendos

192 3625 328 3684 sumptus,
345 3617 409 3669 dum
425 3618 564 3671 vobiscum
583 3618 745 3688 belligerat,
761 3617 889 3669 toleratos
907 3615 1039 3684 recipiat,
1059 3610 1107 3663 sed
1125 3627 1170 3661 eos
1188 3613 1266 3662 insu·-

189 3703 240 3756 per
257 3686 290 3737 ad
307 3689 429 3740 triremes
447 3689 595 3742 secundum
615 3696 747 3742 conventa
767 3695 794 3739 et
812 3688 963 3738 iuramenta
980 3693 1073 3736 contra
1090 3696 1135 3731 vos
1153 3681 1266 3731 mitten-

190 3756 240 3807 das
260 3757 405 3825 impulisse.
469 3760 624 3813 usmobrem
652 3777 707 3811 non
733 3756 888 3825 subsidium
908 3755 1021 3816 Genua,
1045 3751 1092 3804 sed
1116 3749 1219 3801 bellum
1237 3757 1267 3802 et

189 3826 297 3878 hostilis
316 3825 485 3898 adnavigano
504 3847 546 3882 ma
566 3832 588 3881 is
606 3828 788 3900 exspectanda
803 3828 880 3880 robis
891 3834 940 3879 est
975 3825 1057 3876 Porro
1076 3827 1104 3871 et
1119 3821 1205 3872 vietus
1220 3822 1266 3871 iu·

190 3897 255 3967 opis
273 3912 319 3947 vos
337 3897 473 3958 laborare,
497 3849 634 3971 pandoque
653 3908 715 3969 post
732 3898 807 3970 quod
824 3895 964 3950 haesitetis
978 3909 1034 3945 non
1058 3890 1214 3954 habituros,
1232 3906 1267 3941 ει

190 3969 295 4051 reipsa
313 3965 377 4018 duei
393 3979 577 4038 argumentum
597 3971 776 4023 certissimum
796 3974 893 4037 potest
929 3964 1006 4033 Quos
1024 3963 1096 4014 enim
1115 3960 1182 4044 oripo
1200 3977 1266 4013 exe·

190 4038 267 4106 gistis
287 4038 416 4100 Romani,
435 4056 604 4110 quorumque
622 4041 760 4093 alimentis
779 4037 921 4096 fruimini,
945 4048 1096 4084 mensuram
1121 4032 1266 4083 alimoniae

190 4125 251 4159 cuns
271 4108 438 4159 obsessorum
457 4111 633 4162 multitudino
652 4107 858 4169 contendentes,
876 4107 947 4156 iutra
965 4102 1047 4157 breve
1060 4111 1165 4171 tempus
1177 4101 1266 4152 ornai-

189 4176 278 4234 modis
295 4186 445 4232 commeatu
465 4195 512 4237 ιον
531 4180 661 4235 οαιίιιιιοι
674 4181 818 4234 sllirmout·
852 4177 922 4247 Ergo
939 4171 1073 4228 haecum
1091 4188 1152 4244 spes
1169 4169 1264 4224 salutis
