3000 4742
471 295 496 353 l.
523 289 703 355 Pontem
730 283 970 359 emulano.
1217 301 1259 365 xl

183 464 358 531 exeellentes
379 473 482 525 tamen
516 470 608 544 atque
633 460 781 546 periectos
805 460 969 524 admodum
994 484 1081 526 raros
1109 467 1263 532 nominare

181 559 348 649 possumus)
370 562 466 624 nihilo
484 564 584 622 minus
601 563 634 623 in
656 563 713 624 ista
729 571 961 645 quantacunque
976 563 1196 647 interpretandi
1211 568 1263 631 de

180 667 355 750 lbtigatione
392 684 427 724 ae
462 661 618 742 molestia,
645 664 794 724 suavitate
816 662 947 745 quadam
969 663 1183 746 perfunditur,
1214 689 1265 729 ex.

182 767 343 852 pleturque
362 766 498 842 animm,
525 783 596 824 oum
619 762 676 824 sibi
699 766 733 823 in
759 764 828 823 sinu
849 762 1072 845 quodammodo
1093 768 1176 827 nasci
1197 767 1267 830 the-

183 888 310 929 saurum
329 864 430 941 videt,
452 862 535 923 unde
550 860 701 922 bonarum
715 860 885 923 litterarum
903 862 994 924 ditior
1015 863 1141 926 evadat:
1171 887 1266 948 quae-

183 989 244 1051 que
260 966 406 1027 hactenus
420 974 467 1024 tot
479 962 658 1041 bominum,
679 965 771 1023 etiam
795 962 1003 1042 eruditorum,
1030 963 1124 1025 millia
1143 966 1265 1047 ignora·

184 1077 274 1143 runt,
309 1063 468 1147 multoque
495 1063 628 1143 diutius,
659 1084 694 1124 ac
723 1074 871 1146 perpetuo
897 1063 1023 1125 forsitan
1062 1065 1264 1147 ignorassent,

184 1168 372 1249 eaprinceps
392 1140 584 1246 cognoscit(
603 1174 634 1224 et
653 1163 888 1243 sollicitudines,
909 1185 1034 1247 operam
1059 1175 1150 1248 atque
1180 1186 1266 1228 eona.

184 1276 234 1334 tus
265 1286 336 1327 suos
365 1283 418 1347 spe
445 1275 476 1324 et
494 1262 604 1331 fidutia
636 1273 739 1346 gratae
761 1265 944 1346 posteritatis
965 1262 1150 1327 consolatur.

268 1365 409 1429 Ceterum
429 1384 500 1426 eum
520 1365 552 1425 iu
571 1334 633 1424 boc
654 1384 777 1447 quoque
795 1375 859 1426 tarn
877 1365 1042 1447 praestanti
1057 1385 1183 1426 munere
1203 1364 1265 1427 ela·

185 1464 334 1544 beraudi,
354 1475 385 1524 et
402 1462 527 1545 aliquod
548 1467 807 1546 operaepretium
825 1464 953 1526 faciendi
966 1462 1107 1525 voluntas
1122 1485 1184 1524 non
1203 1487 1268 1526 me·

184 1564 296 1628 diocris
309 1566 371 1625 iam
388 1563 507 1646 pridem
528 1562 603 1623 mibi
625 1561 709 1623 haud
731 1561 881 1643 desuerit,
907 1562 1104 1625 nibilominus
1124 1567 1188 1625 eius
1208 1565 1268 1625 dis·

186 1664 332 1729 licultates
351 1664 533 1746 cogitatione
556 1661 829 1744 complectentem,
858 1684 922 1725 non
936 1664 1059 1746 quidem
1079 1664 1179 1748 pudor
1195 1665 1269 1727 sub-

184 1766 333 1841 rusticus,
367 1762 421 1828 sed
439 1772 538 1822 metus
562 1761 707 1843 quidam,
742 1772 778 1822 ut
800 1762 953 1839 arbitror,
982 1765 1130 1844 ingenuus
1154 1786 1271 1846 semper

186 1864 361 1925 absterruit.
402 1861 446 1923 Et
466 1862 568 1921 nescio
589 1860 743 1941 quomodo
759 1860 864 1920 haeret
883 1863 915 1921 iu
935 1860 1096 1941 medullis,
1122 1884 1179 1923 uec
1193 1864 1272 1925 obli.

187 1964 264 2023 visci
288 1982 385 2044 queo,
415 1958 503 2041 'quod
527 1958 609 2040 apud
633 1960 812 2039 scriptorem
837 1961 1056 2042 persapientem
1080 1962 1182 2046 legere
1207 1985 1273 2025 ms-

186 2063 281 2125 miul:
320 2070 475 2143 praestare
491 2062 619 2136 timere,
655 2079 748 2141 quam
776 2058 889 2120 audere
913 2062 946 2120 in
966 2057 1086 2123 litteris.
1136 2062 1274 2126 Accessit

188 2162 227 2222 ad
246 2180 295 2222 me
310 2158 547 2238 retardandum,
567 2156 650 2242 quod
665 2160 718 2240 qui
738 2162 909 2240 primorum
931 2162 1039 2241 primi,
1066 2163 1271 2246 signiferique,

187 2272 278 2343 atque
306 2260 405 2339 adeo,
437 2260 489 2340 qui
512 2260 713 2341 inteipretum
741 2257 887 2319 familiam
916 2259 1028 2320 ducere
1052 2263 1272 2341 existimantur,

185 2361 237 2423 vel
257 2364 290 2422 iu
311 2380 376 2421 uno
401 2358 481 2421 libro
507 2357 711 2421 convertendo
737 2358 920 2419 creberrime
950 2358 1146 2441 hallucinati,
1183 2372 1275 2444 atque

186 2461 327 2541 aliueis,
352 2459 435 2543 quod
445 2458 575 2536 dicium,
596 2457 758 2537 excidisse,
778 2456 1003 2540 diligentiorum
1015 2462 1276 2523 animadversione

187 2561 368 2644 deprehensi
388 2568 471 2620 sumt.
525 2559 683 2636 Quaenam
707 2578 780 2641 ergo
810 2558 887 2619 mibi
910 2559 1076 2620 semidocto
1101 2560 1182 2621 fama
1203 2583 1275 2644 spe·

187 2661 284 2723 rande
299 2661 380 2722 ibit?
425 2658 545 2722 Verum
567 2659 741 2737 enimvero,
776 2668 968 2719 mmctantern
1005 2682 1040 2721 ac
1073 2660 1275 2743 trepidantem

190 2764 369 2843 sapientium
390 2762 529 2822 virorum
550 2758 713 2818 auctoritas
735 2760 922 2839 commorit,
955 2761 1082 2843 ipsaque
1101 2763 1179 2821 ratio
1200 2781 1275 2820 con·

189 2860 341 2940 firmavit,
375 2871 411 2921 ut
437 2857 600 2941 abquando
623 2860 656 2918 iu
686 2857 805 2919 isthanc
829 2858 1010 2942 palaestram
1040 2859 1273 2922 descenderem:

188 2959 357 3042 siquidem,
391 2961 476 3020 iuxta
498 2957 677 3041 vulgatum,
718 2978 808 3020 nemo
839 2962 974 3022 nascitur
999 2961 1126 3022 artifexz
1172 2972 1202 3021 et
1226 2981 1276 3027 ars

188 3058 275 3122 nulla
306 3069 369 3139 est,
406 3063 440 3120 in
464 3079 526 3142 qua
552 3079 614 3119 non
641 3059 796 3140 peccando
820 3059 973 3121 discatrm:
1015 3059 1157 3144 quodque
1186 3061 1276 3122 uobis

188 3163 291 3244 pueris
323 3159 476 3242 quondam
505 3169 714 3242 praeceptores
735 3160 768 3219 in
790 3157 865 3223 ludo
889 3159 1082 3242 ingerebant,
1119 3162 1172 3243 qui
1194 3182 1275 3222 nun-s

190 3278 282 3344 quam
299 3259 403 3340 male,
430 3279 586 3341 nunquam
606 3258 692 3324 beno.
739 3258 870 3319 Factum
893 3260 1006 3341 igitur,
1032 3271 1068 3321 ut
1089 3282 1160 3321 cum
1186 3260 1275 3322 Sere-

188 3366 330 3424 nissimus
353 3362 498 3423 Boiorum
511 3360 652 3441 princeps
666 3357 889 3427 Maximiliauus
903 3360 1059 3421 Societatis
1080 3373 1203 3422 nostrae
1218 3361 1275 3423 do÷

190 3465 319 3525 mesticis
338 3470 518 3544 potestatem
534 3458 699 3521 liberaliter
736 3469 828 3542 atque
854 3458 936 3525 ultro
950 3462 1163 3540 concessisset,
1185 3482 1202 3522 e
1219 3482 1275 3522 vo-

189 3561 355 3625 lmninibus
382 3563 505 3624 Graecis
534 3558 650 3625 calamo
677 3563 804 3621 exaratis
821 3561 969 3651 (quorum
992 3560 1085 3621 habet
1102 3562 1135 3620 in
1163 3559 1275 3621 biblio·

189 3663 278 3724 theca
298 3685 354 3724 sua
366 3661 553 3723 nobilissima
562 3659 755 3721 lectissimam
776 3662 913 3743 copiam)
930 3660 1150 3744 depromendi,
1185 3670 1216 3720 et
1236 3659 1275 3720 ad

189 3782 382 3825 communem
417 3783 507 3823 usum
549 3758 866 3843 emolumentumque,
904 3765 997 3823 cuius'
1010 3763 1133 3822 incenso
1155 3770 1276 3821 tenetur

190 3863 362 3944 desiderio,
394 3861 613 3945 interpretandi
640 3882 718 3944 quae
738 3860 918 3945 placuisset,
959 3882 1014 3944 ego
1036 3863 1069 3921 in
1094 3860 1177 3921 himc
1212 3882 1275 3921 non

192 3962 421 4025 Clu-istodulum
436 3966 561 4047 utique,
591 3961 644 4024 sed
665 3964 698 4022 in
721 3964 904 4045 ipsissimum
928 3963 1073 4023 loannem
1090 3962 1275 4022 Cantocdze-

193 4082 266 4132 pum
289 4062 467 4128 inciderim:
503 4062 626 4147 quoad
653 4074 774 4146 gustum
800 4065 1039 4145 sententiamque
1067 4083 1166 4122 meum
1198 4058 1275 4121 nihil

193 4164 468 4247 accommodatius,
496 4163 573 4229 dihil
594 4163 633 4227 ad
654 4165 753 4253 primo
771 4162 895 4227 militiae
916 4164 1006 4230 huius
1026 4162 1171 4229 tentanda
1193 4162 1274 4243 peri-
