3000 4742
465 186 746 257 nrsronnnuu
776 189 802 248 ι.
832 187 881 254 53.
1136 142 1214 264 τρι

144 344 323 429 ἀπεγύμνου
349 345 404 408 καί
422 339 478 419 τός
498 338 632 421 όθόνας,
658 331 709 414 αἷς
729 337 909 417 ἒδτσμεϊτο,
940 335 1097 424 περιῄρει,
1119 327 1291 418 citing,
1304 348 1371 405 1328

144 436 337 528 πολλῆςτοό
356 445 436 506 θεοῦ
455 436 624 524 turpitude
642 438 809 522 μάρτυρας
830 437 1029 521 φιλοτιμίαςί
1053 433 1070 500 ὅ
1090 436 1150 515 μὲν
1163 456 1223 515 μο-

144 544 199 619 τός
225 539 285 619 ἔξω
314 537 426 625 εὕρητο
448 533 651 625 ἐρ’ῥιμμένος,
677 532 768 617 όγιὴς
799 533 834 596 δὲ
861 530 878 598 ό
904 529 983 608 πυός
1003 535 1035 609 ἒς
1055 536 1261 613 roncinum.
1283 534 1336 597 1⁶7

145 641 190 716 ὥς
217 641 297 724 μηδὲ
325 636 414 720 ἴχνος
442 638 534 722 οόλῆς
563 627 786 720 ἢτραόματος
805 632 1014 718 όποφαίνειν,
1044 624 1114 694 ἄλλ’
1134 631 1226 715 όγνο-

124 744 251 809 5εἴσθαι
272 735 306 803 εἴ
323 761 396 803 ποτε
421 736 477 802 καί
495 734 627 821 ἐτρώθη.
649 728 723 818 ὅπερ
753 730 831 797 ἰδών
851 727 868 795 δ
890 728 1038 813 βασιλεός
1055 728 1172 812 μᾶλλόν
1192 754 1227 794 τε

141 831 229 922 ἥσθη
257 832 311 902 διό
342 839 450 918 τοῦτο,
482 828 503 920 ἢ
534 830 585 899 ότι
617 830 847 916 Θεσσαλονίκην
875 829 1084 915 ὑπεποιήσατο
1106 824 1227 916 ἑαυτῷ,

144 920 199 1001 κατ’
226 939 421 1023 θερμοτέρας
446 933 556 1000 τοότου
592 935 681 999 ἓνεκα
715 930 769 994 καί
794 926 920 1008 πλείους
940 927 997 1006 τός
1024 928 1229 1019 εὐχαριστίας

145 1028 307 1099 ἇπεδίδου.
333 1035 389 1099 καί
406 1032 426 1119 ἦ
453 1032 540 1110 πόλις
562 1033 596 1097 δὲ
616 1034 702 1095 πᾶσα
722 1027 780 1114 τόν
797 1031 842 1105 είς
860 1026 916 1094 τόν
934 1028 1069 1113 βασιλέα
1086 1024 1229 1107 πυθόμε-

144 1157 195 1198 νοι
223 1133 503 1217 θαυματουργίαν,
531 1127 666 1205 πολλοός
693 1123 811 1212 ὕμνους
839 1128 885 1205 εἴς
911 1152 945 1193 τε
970 1125 1047 1192 θεόν
1078 1121 1153 1215 ᾖδον
1173 1130 1231 1193 καί

108 1231 327 1318 ιοΔημὴτριον
344 1230 400 1296 τόν
415 1231 533 1297 ἐκείνου
554 1229 762 1316 θεραπευτὴν.
783 1228 903 1293 ἐκεῖθεν
923 1229 959 1292 δὲ
979 1226 1146 1306 includet
1167 1231 1229 1309 βα-

146 1329 261 1412 σιλεός,
281 1327 445 1415 κλινοόσρς
463 1324 524 1416 ἤδη
544 1331 599 1415 τῆς
628 1325 763 1414 ἡμέρας,
784 1329 829 1403 εἷς
847 1324 885 1394 τό
905 1325 1050 1411 βασιλεια
1074 1322 1228 1413 ηόλίσατο

146 1428 202 1513 τὴν
231 1428 326 1496 νόκτα
354 1430 464 1496 ε’λθιόν.
494 1426 562 1513 ἅμα
590 1430 626 1496 δὲ
657 1430 697 1519 ἓιρ
726 1430 771 1506 εἷς
797 1425 853 1513 τὴν
879 1427 1052 1514 ὑστεραίαν
1080 1422 1174 1505 αότός
1193 1450 1229 1492 τι

150 1524 354 1611 ὁπλισάμενος
383 1529 439 1595 καί
469 1529 659 1616 ἡστρατιό,
690 1528 745 1593 καί
773 1530 829 1593 τοῦ
850 1529 1102 1605 Θεσσαλονικέων
1121 1525 1252 1613 dipacati

148 1624 320 1712 προθόμως
340 1627 652 1714 συστρατευομένου,
681 1620 778 1715 ᾔεσαν
805 1628 851 1704 εἷς
878 1623 937 1710 τὴν
957 1622 1146 1712 ἀκρόπολιν,
1167 1626 1229 1711 τός,

110 1721 178 1791 ιόεἰ
202 1725 246 1810 μὴ
274 1733 489 1812 προσχαροῖεν
517 1722 618 1791 ἑκοντὶ
646 1722 678 1790 οἱ
704 1721 934 1807 κατασχόντες,
968 1724 1131 1807 βιάσαιντο
1161 1735 1227 1801 τοῖς

148 1822 265 1901 όπλοις.
305 1828 416 1908 πριότα
436 1826 497 1905 μὲν
517 1814 573 1889 σόν
593 1826 721 1907 πέμψας
741 1822 759 1887 ό
779 1821 936 1906 βασιλεός,
965 1821 1175 1910 προσηνόρευέ
1193 1846 1227 1889 τι

146 1921 223 2001 τοός
243 1921 331 1988 ἔνδον
350 1921 405 1987 καί
434 1924 640 2006 προόκαλεῖτο
674 1917 791 1998 αότοός
821 1922 942 2006 α’μαχεί
972 1921 1030 2009 τὴν
1060 1922 1269 2009 ἂκρόπολινν.
1283 1935 1330 2005 ¹³4

147 2020 369 2108 παραδιδόναι,
393 2016 567 2107 όμνηστιαν
587 2046 622 2086 τε
641 2023 790 2108 παρέχων
809 2025 864 2085 καί
882 2022 1139 2106 ἐπαγγελλόμενος
1159 2046 1229 2087 ποι-

147 2123 237 2205 ήσειν
256 2114 304 2184 τό.
327 2117 370 2197 ὥς
389 2123 419 2185 δ’
439 2121 496 2184 οόκ
515 2120 681 2205 ἐσήκουον,
702 2117 781 2184 ἄλλό
799 2120 1036 2207 ἐσκληρύνοντο,
1056 2122 1230 2186 καταστάν-

106 2243 200 2295 notre
228 2216 460 2302 ἑτειχομόχουν.
509 2222 564 2284 καί
590 2223 687 2302 μέχρι
713 2222 773 2300 μὲν
800 2222 899 2305 τριῶν
917 2212 940 2304 ἢ
959 2218 1118 2306 τεττάρων
1138 2221 1230 2306 σόρῶν

149 2317 204 2383 καί
222 2319 314 2384 αότοί
332 2315 487 2405 η’μόνοντο
508 2320 665 2404 καρτεροῖς
685 2316 747 2403 cirri
768 2320 833 2384 wir
854 2322 986 2404 τοιχοόν·
1016 2317 1123 2385 ἔπειτα
1144 2323 1178 2385 οῗ
1194 2344 1230 2385 τε

150 2417 208 2504 τήν
228 2415 395 2504 ἀκρόπολιν
413 2422 628 2495 κατοικοῦντες
645 2420 700 2483 καί
719 2413 785 2483 ὅσοι
801 2421 863 2484 τῶν
878 2421 1129 2487 Θεσσαλονικέων
1146 2415 1229 2505 ἦσαν

149 2514 194 2602 μή
214 2517 297 2583 πάνυ
317 2519 534 2603 προσκείμενοι
551 2520 594 2607 τῷ
614 2520 811 2608 πρεσβυτέρῳ
834 2523 979 2603 βασιλεῖ,
1001 2516 1254 2587 διεστασιλισόνῦ

150 2640 185 2680 τε
208 2625 277 2691 ταῖς
302 2616 440 2699 γνώμαις
462 2615 540 2703 πρός
562 2615 637 2695 τοός
659 2610 790 2702 ἄλλους,
812 2621 866 2683 κατ’
884 2617 1051 2707 όνακοοχῆν
1081 2619 1231 2706 αἰτήσον-

222 2769 248 2821 3.
261 2764 433 2839 ἐρριμμένος
448 2769 562 2831 correxi,
581 2784 643 2820 curn
659 2774 739 2822 antea
755 2765 933 2840 ἐρραμμένος
945 2767 1088 2838 legeretur.

61 2930 74 2955 a
151 2904 311 2977 nudatoque
329 2904 413 2974 pede,
430 2907 611 2960 linamentum
634 2906 704 2959 illud
719 2914 859 2977 carptum,
887 2904 961 2978 qnod
981 2905 1138 2959 vulneribut
1155 2907 1234 2961 iudi-

152 2986 198 3029 tur
214 2977 242 3047 (o
264 2993 384 3045 magnam
399 2977 451 3027 Dei
467 2976 501 3029 ad
516 2987 645 3045 martyreo
661 2994 722 3029 suot
743 2976 915 3029 honorandos
933 2994 1024 3029 curam
1041 2985 1069 3029 et
1085 2978 1232 3045 providen-

154 3047 249 3117 riatnl)
268 3057 344 3098 extra
359 3046 456 3096 vulnus
469 3049 608 3116 apparuit:
626 3063 673 3116 per
701 3055 791 3098 nutem
810 3046 878 3099 adeo
896 3064 976 3100 annun
985 3085 994 3110 ,
1013 3055 1044 3099 ut
1061 3064 1112 3099 nec
1134 3049 1230 3100 vulur-

154 3120 201 3180 τίο,
219 3135 270 3170 nec
285 3117 417 3169 cicatricis
433 3116 517 3168 ullum
531 3124 644 3170 restaret
656 3116 816 3185 vestigium,
833 3125 861 3168 ct
875 3118 1066 3170 vulneratuane
1082 3118 1230 3189 aliqnando

154 3187 251 3240 fuisset
282 3189 460 3258 ignoraretur·
495 3187 553 3238 Hoc
573 3188 632 3238 viro
650 3188 794 3249 miraculo,
822 3190 904 3257 magia
930 3206 1011 3258 quam
1040 3187 1074 3239 de
1096 3190 1230 3257 acquisita

155 3256 350 3311 Thessalonica
363 3256 512 3308 exsultarit
530 3257 684 3323 imperator,
701 3256 933 3327 ferventioreaquc
949 3266 977 3310 ct
995 3258 1108 3309 maiorer
1128 3259 1163 3309 ob
1177 3259 1229 3312 hoc

147 3326 317 3389 'beneficium
330 3328 429 3398 gratiae
447 3328 519 3395 egit3
538 3343 568 3376 ac
585 3334 642 3378 tota
656 3327 768 3389 civitas,
785 3329 926 3381 intellecto
942 3331 972 3382 in
993 3345 1054 3380 eum
1083 3327 1157 3381 edito
1172 3338 1229 3382 torn

154 3397 309 3451 admirabili
329 3413 421 3467 opere,
439 3397 537 3447 multus
551 3396 609 3447 Deo
622 3404 650 3448 ct
660 3397 809 3461 Demetrio,
827 3417 841 3450 a
856 3416 910 3471 quo
925 3405 1032 3452 curatus
1045 3398 1150 3463 lucrat,
1168 3401 1229 3454 lau-
1294 3419 1298 3425 ·

158 3468 206 3519 dea
224 3467 384 3525 decantavit,
420 3466 486 3518 inde
506 3484 641 3535 egressus,
658 3467 807 3520 inclinante
821 3470 873 3520 iarn
891 3471 920 3522 in
933 3477 1041 3521 noctem
1058 3469 1120 3533 die,
1142 3473 1172 3523 ln
1185 3492 1229 3524 re·

154 3540 196 3607 gia
213 3556 307 3590 somno
323 3555 352 3591 ae
368 3537 452 3589 dedit
491 3538 543 3588 Ubi
558 3536 675 3599 diluxit,
694 3539 753 3606 ipre
766 3546 794 3589 et
807 3539 908 3592 militer
922 3540 1003 3592 armis
1019 3540 1125 3605 induti,
1144 3546 1230 3596 comi·

153 3615 228 3661 tantc
255 3610 337 3661 ctiam
361 3609 485 3660 alacriter
511 3609 541 3659 in
564 3609 644 3659 annia
670 3606 906 3662 Thessalonicenri
934 3628 970 3680 po
992 3611 1056 3674 ulo,
1080 3609 1115 3662 ad
1143 3630 1231 3666 urcem

153 3678 331 3748 prodierunt3
349 3687 389 3740 ut,
404 3680 457 3731 nisi
473 3687 570 3747 sponte
587 3694 646 3729 cam
666 3677 803 3731 traderent
817 3682 865 3749 qui
886 3628 1052 3743 retinebant,
1070 3682 1098 3732 vi
1111 3699 1144 3736 co
1167 3684 1231 3736 udi-

155 3757 289 3817 gerentur.
331 3749 447 3800 Primnm
472 3751 554 3817 igitur
573 3750 722 3819 imperator
745 3765 791 3800 eor
804 3750 952 3802 calutaturn
967 3759 995 3802 et
1016 3751 1048 3803 ad
1065 3768 1152 3804 arcem
1171 3756 1231 3809 rinc

156 3818 238 3870 caede
259 3827 287 3871 ct
307 3819 438 3887 sanguine
463 3819 616 3872 dedendam
639 3820 783 3871 invitatum
808 3820 908 3882 mittit,
929 3819 1095 3872 oblivionem
1119 3827 1229 3878 offensi-

156 3906 240 3941 onum
265 3896 294 3940 et
312 3889 518 3942 beneficentiam
543 3890 691 3960 pollicitor.
728 3890 781 3942 Ubi
806 3889 971 3942 obduranter
994 3897 1128 3945 oratorem
1145 3893 1231 3949 dimi-

155 3966 268 4020 serunt,
286 3959 385 4043 quibus
400 3959 491 4013 datum
509 3961 662 4032 negotium,
691 3958 726 4012 ad
742 3960 821 4013 horat
844 3968 898 4012 trcr
918 3967 967 4011 aut
988 3967 1105 4031 quatuor
1127 3981 1230 4033 muron,

156 4029 316 4081 adverrarirr
334 4030 408 4082 intur
429 4031 545 4084 viriliter
562 4049 590 4084 se
610 4030 840 4094 defendentibus,
858 4038 1055 4100 oppugnarunt
1090 4034 1153 4087 Post
1171 4044 1230 4088 tum

156 4101 225 4154 arcia
243 4100 329 4171 ipaiur
341 4101 465 4165 incolae,
483 4112 540 4156 tum
562 4111 727 4174 quotquotc
749 4099 1041 4157 Thessalonicensibur
1060 4105 1160 4159 reniori
1177 4109 1231 4160 inr-
