3000 4742
258 254 346 360 424
659 277 941 349 munrcmmr

112 433 355 521 Ᾰ.0·1329βολὴν
374 429 600 517 βδελυξάμενοι
614 433 669 518 τῆς
691 432 825 513 ἀδικίας,
845 431 1020 517 πρσθύμας
1038 428 1245 517 συνηράμεθα
1265 430 1350 512 irath

256 534 313 601 καί
332 528 467 609 πολλούς
492 531 659 608 κινδύνους
680 526 893 611 ὑπεμείναμεν
924 527 980 594 καί
998 528 1123 605 πόνους.
1170 522 1224 593 εἶτ’
1246 522 1350 606 αὖθις

255 628 336 718 μετά
356 629 415 716 τήν
431 626 558 716 μακράν
586 628 705 714 ἐκείνην
729 624 851 713 πλάνην
879 625 935 692 καί
947 623 1022 702 τούς
1040 626 1250 713 περιδρόμους
1269 625 1349 704 τούς

257 729 393 807 πολλούς
410 730 465 793 καί
483 728 540 814 την
558 729 593 793 ἐκ
619 732 674 814 τῆς
697 731 827 813 χρονίου
845 723 1059 792 κακοπάθειαν
1077 727 1262 811 στρατείας,
1292 723 1351 790 καί

258 834 315 917 τῆς
331 829 503 917 κρείττονος
520 825 683 911 δυνάμεως
699 828 776 912 ἡμῖν
792 823 848 892 τόν
859 823 992 908 πόλεμον
1013 824 1372 911 συγκατεργαζομὲνηςῤ

259 933 325 998 τάν
347 951 381 994 τε
399 928 557 1011 πολεμίων
574 925 808 1014 κεκρατήκαμεν
824 920 885 1012 ἤδη
905 928 1056 1011 καθαράς
1070 927 1125 991 καί
1140 923 1197 1011 τήν
1210 923 1350 1007 Ῥωμαί-

261 1054 308 1096 ων
322 1024 488 1115 ἧγεμονάιν
503 1027 823 1113 συηκατεκτησάμεθα
837 1027 924 1108 ύμῖν.
966 1028 1037 1093 νυνί
1050 1029 1081 1090 δ’
1098 1019 1198 1100 αύθις
1212 1025 1276 1090 τῶν
1288 1047 1349 1088 πο-

261 1131 367 1212 tepor
379 1127 587 1209 πεπαυμένων
604 1129 663 1191 καί
673 1124 799 1211 εἰρήνης
819 1123 859 1191 τά
872 1126 1037 1207 Ῥωμαίων
1056 1123 1250 1208 κατεχούσης
1264 1121 1350 1205 πρά-

261 1253 378 1312 μματα,
400 1223 533 1309 δρῶντες
548 1224 631 1307 όμᾶς
647 1226 709 1290 ταῖν
727 1228 887 1311 προτέρων
897 1225 1021 1305 μείζοσι
1031 1231 1135 1298 κακοῖς
1148 1223 1347 1305 ἐπιχειρούν-

236 1336 327 1404 Βτας
341 1325 427 1410 ἡμᾶς
447 1326 621 1407 ἐμβάλλειν,
635 1328 890 1409 παραγγέλλομεν
905 1324 980 1405 ύμῖν
993 1320 1038 1408 μὴ
1058 1314 1153 1398 αὖθις
1168 1318 1259 1386 καινά
1278 1323 1396 1385 δια-ιο

262 1428 416 1506 νοεῖσθαι,
423 1425 501 1507 μηδ’
512 1420 659 1509 ἀφορμάς
671 1425 821 1508 παρέχειν
830 1426 873 1511 τῷ
883 1419 1001 1488 κάκιστ’
1013 1420 1217 1507 ἀπολουμένῳ
1225 1419 1350 1507 πολέμῳ

263 1520 344 1608 πρός
353 1519 428 1596 τούς
436 1519 623 1609 ὁμοφύλους.
644 1522 687 1587 Εἰ
694 1523 787 1586 ταῦτ’
793 1518 897 1606 ἔλεγον
905 1518 961 1585 καί
971 1515 1076 1607 οόσπερ
1087 1519 1242 1605 κορωνίδα
1253 1539 1350 1603 προσ-

264 1620 425 1703 ετίθεσαν,
447 1614 507 1702 ὅτι,
528 1623 558 1687 εἰ
576 1624 635 1703 μὲν
655 1623 787 1703 δέχεσθε
809 1621 863 1686 ἐπί
882 1616 1014 1703 τούτοις,
1034 1619 1114 1683 εἰδὲ
1133 1616 1190 1703 μὴ,
1209 1625 1350 1682 σκοπεῖτε

263 1717 310 1803 μὴ
334 1719 395 1803 οὐχ
421 1716 497 1804 ἡμῖν
513 1721 637 1799 μᾶλλον
655 1714 676 1806 ἢ
697 1719 774 1801 ύμῖν
795 1713 902 1797 αύτοῖς
927 1716 1021 1785 αἴτιοι
1044 1715 1197 1801 μειζόνων
1225 1717 1351 1800 γενήσε-

265 1822 326 1882 σθε
346 1820 468 1883 κακῶν·
507 1818 552 1882 Εἰ
571 1820 606 1882 δὲ
628 1816 667 1903 δι’]
688 1819 745 1884 καί
764 1820 980 1905 προσέθηκαν,
1001 1819 1044 1881 ἐῶ
1063 1815 1123 1903 γάρ
1145 1819 1259 1898 εἰπεῖν,
1279 1810 1392 1896 ότι,τὸ

265 1918 298 1982 εί
313 1921 374 2001 μὲν
393 1915 544 1999 βασιλεύς
565 1914 663 1996 οὕτως
683 1917 751 2002 ἔχοι
769 1916 893 2005 γνάμης
914 1913 988 1983 ὥστ’
1008 1920 1062 2004 ἐφ’
1080 1912 1214 2002 ἑκάτερα
1235 1914 1353 2004 ῥᾳδίως

265 2014 521 2101 μεταβάλλεσθαι
551 2020 607 2083 καὶ
631 2023 747 2103 μικρᾶς
775 2021 863 2085 ἕνεκα
884 2012 906 2103 ἢ
925 2019 981 2083 καί
1000 2017 1151 2098 ούδεμιάς
1171 2017 1277 2092 αἰτίας
1296 2039 1353 2080 πο-

266 2119 364 2199 λέμου
387 2108 507 2202 ἀρχειν,
527 2120 564 2182 τί
580 2119 634 2181 δεῖ
647 2121 691 2206 τῷ
710 2117 841 2207 τοιούτῳ
863 2110 1015 2203 ἀφορμάς
1034 2119 1179 2202 ταραχῆς
1200 2117 1255 2178 καί
1274 2113 1354 2179 στά-

266 2239 347 2303 σεως
376 2213 430 2280 ε’πί
456 2215 541 2305 λύμη
568 2215 623 2282 καί
641 2221 751 2307 φθορρῖ
780 2222 838 2283 τού
859 2219 965 2281 κοινοό
985 2217 1146 2301 παρέχειν.
1186 2216 1217 2282 εἰ
1236 2216 1268 2278 δ’
1287 2208 1353 2278 ἑτά-

270 2337 339 2398 ροις
366 2317 509 2379 πείθεται
528 2315 736 2404 συκοφάνταις
759 2318 814 2382 καί
833 2314 1018 2402 διεφθορόσι
1035 2317 1091 2381 καί
1110 2315 1204 2380 ούδδν
1224 2314 1392 2394 άμείνο-αο

178 2419 327 2485 Μόθσιν
347 2408 527 2500 ἀνθρώποις
547 2409 777 2501 ἀνδραπόδων,
799 2416 867 2480 ούδ’
889 2411 971 2480 oiim
993 2412 1113 2480 δίκαιον
1134 2412 1209 2479 otta
1230 2421 1354 2478 λυσιτε-

197 2536 202 2542 ·
268 2516 321 2591 λὲς
348 2521 413 2589 τοῖς
442 2509 542 2592 οὕτως
570 2513 715 2598 ἔχουσιν,
744 2517 778 2583 ἐν
804 2514 902 2607 μοίρᾳ
923 2513 1031 2601 Καρός
1058 2515 1142 2599 ἡμᾶς
1168 2509 1356 2591 ὑποτάττειν

268 2607 411 2689 ἑαυτούς·
446 2612 536 2680 Ἀλλ’
554 2616 586 2681 εἰ
604 2617 803 2703 προσέθηκαν
821 2624 886 2695 τοῖς
906 2612 1008 2701 λόγοις
1034 2616 1130 2680 ἐκεῖνο
1157 2609 1272 2696 μόνον,
1292 2605 1355 2693 ὅτι,

269 2788 351 2851 sunt;
376 2784 449 2839 unde
472 2801 520 2841 τοι
548 2785 584 2840 ad
606 2786 709 2841 bellum
736 2791 849 2842 tertium
874 2786 1006 2857 compulsi
1026 2784 1221 2847 descendistis,
1245 2797 1352 2853 nosque

270 2855 380 2911 sceleris
407 2858 622 2927 magnitudinem
648 2861 783 2924 execrati,
816 2878 865 2932 per
890 2860 976 2917 muita
1001 2856 1159 2915 discrimina
1187 2854 1353 2922 laboresque

270 2924 386 2996 impigre
403 2927 481 2981 vobis
505 2933 694 2990 succurrimus.
736 2931 909 2983 Postmodum
936 2928 1028 2985 denuo
1050 2934 1116 3011 post
1141 2928 1250 2995 longam
1275 2924 1353 2975 iiiam

269 2998 440 3065 vagationem
465 3002 607 3070 variasque
632 3001 756 3072 ambages
781 3008 810 3062 et
832 3001 1005 3053 afflictionem
1029 2997 1176 3050 diuturnae
1194 2992 1353 3064 expeditio-

270 3066 330 3128 nis,
358 3084 419 3119 cum
438 3071 519 3122 etiam
537 3069 631 3123 divina
654 3089 703 3123 nos
728 3073 812 3124 virtus
831 3070 985 3133 adiutaret,
1015 3068 1070 3119 ium
1087 3068 1121 3120 de
1142 3065 1268 3118 hostibus
1286 3079 1353 3133 per·

271 3134 344 3189 fecte
364 3139 589 3209 triumphavimus
608 3147 637 3192 et
654 3143 803 3193 Romanum
823 3142 1005 3212 principatum
1024 3138 1163 3192 vobiscum
1176 3135 1351 3205 recuperavi-

271 3221 338 3257 mus.
382 3207 462 3262 Nunc
487 3207 613 3262 hostibus
642 3212 864 3282 quiescentibus,
890 3226 1038 3282 pacemque
1065 3210 1185 3277 agitante
1210 3204 1354 3275 republica

272 3291 334 3326 cum
356 3293 495 3330 cernamus
519 3296 566 3332 vos
594 3281 692 3332 iterum
720 3282 859 3345 laborare,
888 3282 965 3334 utin
983 3280 1054 3332 mala
1074 3277 1211 3349 prioribus
1229 3278 1354 3347 graviora

272 3345 474 3416 praecipitetis,
502 3348 642 3413 iuhemus,
669 3369 704 3404 ne
720 3370 811 3405 rursus
830 3370 899 3405 nova
916 3351 1103 3413 meditemini,
1127 3364 1195 3401 neve
1213 3346 1291 3401 bello
1306 3347 1355 3398 in·

275 3416 451 3501 felicissimo,
477 3419 528 3473 hoc
548 3428 602 3484 est,
619 3422 710 3484 civili,
730 3425 869 3475 materiam
889 3440 936 3491 sug
955 3422 1043 3475 eratis.
1087 3419 1116 3471 si
1134 3417 1201 3471 haec
1219 3417 1354 3478 dicerent,

274 3503 403 3557 mquam,
425 3497 453 3541 et
469 3497 604 3561 tamquam
621 3493 778 3545 coronidem
796 3491 928 3546 adderent
938 3441 1027 3545 haec:
1064 3489 1093 3542 Si
1131 3488 1223 3542 uidem
1241 3493 1356 3557 propter

272 3556 323 3610 has
350 3558 468 3611 rationes
494 3560 567 3613 dicta
591 3571 681 3615 nostra
706 3562 851 3616 admittitis
876 3571 905 3616 et
923 3561 1099 3633 approbatis,
1147 3575 1199 3611 ene
1221 3567 1275 3610 est:
1308 3558 1355 3609 rin

271 3637 379 3693 autem,
405 3630 515 3695 videte,
541 3649 577 3686 ne
602 3632 679 3685 vobis
706 3634 814 3702 potius,
840 3651 920 3707 quam
937 3633 1017 3685 nobis
1036 3630 1185 3700 perniciem
1203 3628 1354 3680 accersatis.

273 3699 398 3768 Quodsi
418 3701 550 3756 adderent
567 3703 665 3761 etiam,
693 3721 750 3756 non
776 3702 864 3756 dicam
889 3703 943 3755 tale
972 3701 1055 3773 quid:
1091 3701 1120 3753 si
1146 3700 1293 3769 imperator
1319 3713 1355 3748 eo

272 3776 311 3825 sit
327 3774 454 3841 iugenio,
480 3782 512 3826 ut
537 3776 565 3826 in
591 3782 734 3845 utramque
754 3782 857 3842 partem
877 3774 956 3825 facile
974 3780 1093 3824 mutetur
1111 3779 1139 3821 ct
1157 3779 1268 3840 propter
1287 3784 1356 3819 cau-

273 3862 331 3899 sam
348 3842 391 3894 vel
409 3860 517 3913 parvam
535 3845 580 3896 vel
596 3844 699 3895 nuliam
718 3844 821 3894 bellum
840 3845 971 3914 incipiat,
998 3841 1065 3913 quid
1083 3840 1148 3894 huic
1165 3838 1356 3910 perturbatio-

273 3918 317 3968 nis
335 3931 366 3965 ac
385 3912 528 3968 seditionis
546 3915 581 3967 ad
607 3922 710 3984 pestem
729 3922 758 3966 et
774 3914 915 3967 interitum
933 3913 1100 3982 reipublicae
1119 3910 1355 3981 opportunitatem

272 3985 411 4057 porrigere
435 4002 503 4053 opus
529 3985 588 4037 est?
622 3985 652 4036 st
677 3992 767 4036 autem
791 3984 964 4053 sycophantia
988 3984 1175 4052 perversisque
1195 3979 1354 4033 hominibus

273 4074 305 4109 ac
322 4054 410 4108 nihilo
429 4054 588 4107 melioribus
606 4056 748 4125 mancipiis
774 4057 898 4123 pessimis
918 4055 1095 4124 obsequitur,
1123 4069 1175 4104 nce
1192 4052 1231 4104 sic
1253 4051 1354 4102 iustum

271 4136 354 4197 atque
373 4124 440 4174 utiie
458 4140 614 4189 censemus,
640 4126 680 4177 sic
697 4128 799 4178 affectis
828 4133 859 4177 ut
878 4125 957 4178 Cares
977 4142 1027 4176 noa
1046 4122 1200 4183 subiicere,
1227 4119 1288 4172 Non
1308 4116 1355 4169 di-

273 4215 349 4262 am,
378 4192 401 4244 si
422 4193 512 4259 istuc,
541 4193 590 4249 aed
614 4196 648 4269 εἰ,
662 4197 784 4252 orationi
802 4212 866 4251 suae
883 4193 954 4250 iliud
974 4212 1059 4251 unum
1074 4192 1156 4253 modu
1175 4190 1356 4266 adiussssttffli
