3000 4742
262 236 317 295 ³0
664 237 943 308 mutuemur

258 414 321 457 που
344 386 433 479 δότην
445 394 707 480 μεταφερομένων
724 392 779 460 dei
799 391 855 458 καὶ
869 391 1098 460 όοτατούντων.
1125 394 1164 459 σύ
1185 389 1251 479 μὴν
1268 391 1347 459 data·

221 488 315 555 Βυαί
331 492 396 556 triv
421 492 478 556 τού
495 494 572 556 θεοῦ
596 490 758 577 αριμάτων
774 489 811 557 τό
827 491 927 574 βάθος
945 500 1091 578 φανεῖται
1108 493 1153 580 τῷ
1167 494 1347 580 βουλομένῳ

256 597 323 666 τοῖς
345 588 511 677 πράγμασι
533 592 700 675 προσέχειν
725 594 888 673 ἐπιμελῶς
925 589 1038 655 τούτου
1059 587 1098 677 δὴ
1114 591 1210 676 χάριν
1225 581 1346 655 ὤκνουν

255 684 389 755 ε’πιπολύ
406 689 472 753 ταῖν
488 685 588 771 λόγων
612 684 763 772 όψασθαι
789 685 942 772 τουτωνί,
966 690 1024 774 τῆς
1048 690 1217 774 διηγήσεως
1233 689 1346 755 siculo.

253 783 414 869 γιζόμενος
433 779 471 850 τό
492 786 655 863 πολυειδὲς
679 784 736 852 καί
758 784 909 852 πουιιλον·
965 785 1037 851 ἐπεὶ
1059 788 1096 853 di
1118 786 1227 874 φιλίοις
1253 787 1366 858 oridia&

254 880 460 969 ἰσχυρότερον
476 882 551 951 cett
563 885 781 971 πιθανώτερον
795 880 852 950 καί
859 892 929 962 ,τοῖς
942 884 1022 973 ύπὲρ
1039 885 1174 967 δύναμιν
1182 887 1345 973 ἐγχειρεῖν,

194 979 356 1071 orcamp
370 981 515 1064 βιασθείς
538 982 623 1068 ιιάγύ
646 976 707 1070 ἤδη
723 976 864 1070 ύρχυμαι
886 982 995 1068 λόγου.
1025 981 1097 1051 idi
1117 986 1172 1070 τῆς
1195 978 1345 1069 άληθτιόις

252 1076 329 1159 θεός
351 1078 399 1167 μὴ
418 1082 556 1168 περιόλοι
575 1081 664 1167 λόγον
688 1082 839 1170 ιῖληθείας
864 1085 901 1149 εἰς
926 1080 1081 1166 στόματός
1104 1107 1178 1166 μου·
1221 1083 1258 1148 ού
1282 1081 1342 1170 γάρ

252 1172 410 1271 όπεχθείρ
423 1179 489 1247 τινί
502 1174 524 1268 ἢ
540 1181 640 1272 φιλίη,
659 1183 693 1262 d}
708 1174 754 1248 dv
768 1179 931 1266 τόρεύόος
947 1178 1078 1249 ἒπιπσλύ
1092 1181 1246 1265 τίκτεται,
1266 1180 1344 1268 πρός

252 1279 384 1357 τούτους
399 1279 550 1367 ύπὴχθην
566 1280 639 1358 τούς
662 1284 787 1368 λόγους,
820 1283 887 1349 ἀλλ’
900 1282 1051 1369 ύληθεύις
1074 1286 1164 1350 ἕνεκα
1188 1281 1243 1346 καί
1265 1280 1383 1368 πρόςιο

253 1374 404 1465 ἀληθείας
421 1377 555 1468 ἐραστὴν
578 1382 708 1459 τούτους
732 1384 892 1465 ποιοῦμαι,
935 1381 1037 1449 ἔτιδὲ
1062 1371 1130 1448 οὐδ’
1144 1375 1220 1468 ύκοῇ
1243 1386 1346 1449 ταῦτα

256 1475 334 1565 πρὸς
358 1480 423 1546 τῶν
444 1480 659 1568 παλαιοτέρων
681 1478 883 1569 παρειληφώς
907 1474 928 1567 ἢ
955 1481 1076 1567 φήμαις
1101 1481 1266 1567 προσέχων
1291 1480 1347 1547 καί

228 1578 371 1661 Βμύθυις
385 1578 472 1664 ύγιὲς
487 1571 579 1646 otidis
594 1577 737 1664 ἔχουσιν,
758 1582 793 1659 ἐξ
808 1570 853 1646 ὧν
868 1582 1046 1666 συμβέβηκε
1062 1588 1127 1657 τοῖς
1144 1585 1266 1656 πολλοῖς
1280 1582 1343 1645 ταῖν

252 1679 460 1764 συγγραφέων
471 1676 732 1765 ἀποπλανηθῆναι
747 1681 803 1764 τῆς
822 1673 982 1764 ἀληθείας,
1003 1671 1171 1753 άλλάύτός
1184 1673 1233 1767 ἐφ’
1243 1674 1342 1743 ἅπασι

251 1772 362 1863 παρών
382 1773 438 1841 καί
459 1773 503 1851 οἷς
521 1773 623 1842 ἔνεστι
643 1775 782 1859 μάλιστα
801 1777 926 1863 τόληθηῗ
950 1776 1025 1863 περί
1041 1777 1167 1842 πάντων
1188 1776 1272 1863 εἴπερ
1292 1779 1382 1852 τιςιὸ

250 1872 360 1959 εἰύῶς,
382 1868 465 1941 ούτω
481 1871 519 1960 θη
538 1874 707 1960 ποιήσομαι
722 1873 781 1962 τὴν
799 1875 874 1963 περὶ
888 1871 994 1941 αὐτῶν
1013 1876 1172 1962 ύίηγησιν,
1193 1873 1249 1961 την
1265 1869 1340 1961 ἄλη.

249 1977 344 2039 θειαν
366 1974 615 2059 προστησάμενος
640 1972 696 2038 καί
712 1972 813 2060 πάσης
830 1965 925 2058 όλλης
942 1973 1046 2051 αἰτίας
1066 1967 1165 2058 αύτὴν
1188 1971 1341 2061 προτιμη-

252 2097 321 2148 σας.
356 2072 387 2137 εἷ
403 2067 442 2157 δὴ
462 2068 503 2136 σύ
523 2074 585 2154 μὲν
607 2065 758 2157 άληθείας
780 2070 932 2159 ε’ραστης,
964 2073 1022 2155 ε’μί
1044 2096 1078 2138 τε
1103 2067 1195 2138 ούόὲν
1217 2074 1285 2137 ἐστι
1303 2066 1339 2137 τό

224 2179 361 2243 σπεῖσον
376 2169 493 2255 ταύτης
515 2163 688 2255 ἇποστῆναι
704 2169 759 2237 dsei
775 2173 875 2257 πάσης
891 2174 946 2258 τῆς
964 2160 1141 2258 όιηγησεως,
1161 2169 1244 2255 ἔχεις
1263 2166 1336 2257 όπερ

249 2269 384 2347 ἐπόθεις.
417 2261 502 2349 όξιον
518 2273 553 2337 δὲ
564 2267 677 2357 μικρὸν
694 2261 816 2335 όνωθεν
834 2265 1000 2354 ἀναλαβεῖν
1013 2267 1071 2357 την
1092 2268 1200 2357 σειρὰν
1215 2272 1271 2335 τού
1286 2271 1378 2354 γέ.πο

248 2394 322 2446 νους
334 2372 397 2436 τῶν
406 2370 571 2453 βασιλέων,
591 2368 635 2446 ὥς
651 2362 690 2435 όν
705 2367 869 2455 εἰδείημεν,
893 2369 942 2447 τίς
959 2371 994 2436 ἐκ
1008 2369 1091 2446 τίνος
1108 2368 1181 2459 ἔφυ,
1202 2370 1289 2446 τίνας
1304 2392 1337 2432 τε

248 2465 347 2545 ούιός
371 2464 505 2545 τετοκιύς
526 2467 597 2533 τίνα
613 2470 783 2555 προύστησε
798 2467 993 2554 βασιλεύειν,
1027 2466 1101 2547 τούς
1116 2461 1228 2546 ἄλλους
1242 2493 1338 2534 κατα.

248 2565 366 2654 στήσας
382 2568 480 2633 τελεῖν
497 2561 549 2632 ὑπ’
568 2562 672 2634 αύτόν.
809 2630 810 2637 ,

318 2658 343 2711 8.
361 2643 402 2725 μό
419 2655 559 2726 περεέλοι.
577 2654 672 2708 Pselm.
693 2656 748 2714 118.
766 2656 826 2711 El).
842 2658 873 2711 P.

249 2740 298 2793 alii
316 2740 398 2809 plane
416 2757 493 2793 secus
513 2740 687 2794 continenter
705 2740 760 2795 hnc
778 2743 844 2796 illuc
861 2742 955 2812 Euripi
973 2743 1060 2794 instar
1078 2739 1227 2793 fluitarent.
1286 2742 1336 2796 uin

248 2811 332 2863 etiam
351 2812 453 2883 siquis
474 2810 524 2862 dili
542 2818 620 2863 enter
639 2811 683 2863 his
701 2812 782 2865 rebus
799 2812 940 2866 attendere
958 2815 1078 2864 animum
1102 2810 1237 2875 voluerit,
1284 2814 1336 2865 'vl-

247 2876 345 2933 nor'um
362 2896 473 2965 quoque
491 2883 519 2934 iu
543 2883 656 2934 'ciorum
674 2882 810 2951 profunde
822 2881 1017 2952 deprehendet.
1048 2881 1140 2952 Quare
1156 2899 1218 2934 cum
1233 2899 1336 2953 propo·

247 2952 317 3004 sitae
334 2952 498 3005 narrationis
513 2952 695 3021 multiplicem
712 2954 872 3005 varietatem
894 2953 931 3005 ob
949 2953 1042 3006 oeulos
1060 2968 1207 3021 ponerem,
1234 2952 1335 3024 ecquid

247 3038 291 3074 ruc
307 3022 343 3074 ed
360 3022 533 3077 scribendum
551 3022 659 3083 darem,
676 3021 725 3075 diu
744 3024 774 3074 in
793 3025 898 3076 incerto
915 3022 1008 3075 habui.
1054 3023 1158 3075 Tamen
1176 3023 1241 3095 quia
1261 3021 1334 3075 nihil

246 3093 367 3144 amicitia
380 3095 535 3162 potentius,
553 3111 604 3147 nec
618 3092 653 3146 ad
664 3094 838 3163 suscipienda
851 3095 896 3146 vel
909 3094 1012 3147 maiora
1027 3091 1131 3146 viribus
1152 3110 1235 3145 onera
1250 3092 1333 3164 quid·

246 3178 329 3233 quam
347 3163 502 3227 efficacius,
525 3164 588 3218 ideo
607 3182 656 3235 ego
675 3182 786 3238 quoque
802 3163 837 3216 ad
856 3163 1029 3218 scribendum
1047 3164 1161 3225 accedo,
1179 3164 1268 3216 Deum
1284 3179 1333 3216 vc·

245 3232 337 3284 nitatis
355 3241 435 3285 antea
453 3243 653 3303 comprecatus,
683 3252 719 3288 ne
739 3234 853 3288 verbum
871 3237 995 3289 veritatis
1013 3236 1121 3288 tulerat
1139 3233 1174 3285 dc
1193 3250 1240 3286 ore
1260 3251 1332 3287 mco·

244 3301 307 3354 Non
330 3302 403 3354 enim
423 3301 488 3355 odlo
507 3312 555 3356 eut
571 3307 671 3375 gratie,
693 3304 899 3361 mendaciorum
916 3307 1078 3379 plerumque
1096 3303 1266 3373 parentibus,
1283 3301 1334 3355 sd·

246 3370 359 3427 ductus:
389 3370 438 3424 sed
455 3374 579 3426 veritatis
597 3374 687 3428 studio
707 3385 736 3429 ct
752 3378 875 3429 veritatis
893 3375 1049 3429 amantibus
1066 3372 1185 3427 scribere
1207 3390 1251 3426 me
1268 3391 1334 3443 pro·

245 3443 333 3495 lltcor.
362 3441 403 3494 td
421 3441 475 3495 hoe
492 3461 547 3497 non
566 3445 620 3498 ista
639 3462 656 3497 a
672 3445 822 3499 maioribus
840 3454 906 3498 natu
926 3445 1028 3509 didici,
1052 3452 1100 3495 aut
1118 3444 1206 3496 lamae
1224 3443 1333 3496 auscul-

247 3520 309 3566 tans
325 3512 460 3565 fabulisve
473 3514 584 3584 ineptis,
603 3515 703 3586 quibus
721 3514 830 3586 decepti
842 3516 970 3588 plerique
988 3516 1132 3583 scriptores
1156 3530 1171 3564 a
1190 3521 1263 3565 recto
1282 3514 1332 3565 iti·

245 3599 311 3641 nere
331 3582 508 3636 aberrarunt:
526 3584 575 3637 scd
589 3585 647 3654 ipse
666 3602 714 3668 eqo
733 3603 861 3657 praesens
880 3585 1007 3637 omnihus
1023 3584 1146 3647 interlui,
1159 3582 1330 3653 singulaque,

246 3653 269 3706 sl
289 3654 434 3725 quisquam
452 3654 539 3718 alius,
559 3657 777 3726 perspectissime
793 3655 916 3719 hebens,
936 3664 968 3708 ut
985 3662 1095 3725 potero,
1114 3670 1148 3705 ea
1167 3668 1332 3705 commemo-

245 3721 329 3787 rabo:
349 3724 565 3796 veritatemque,
583 3732 638 3776 tam
659 3742 720 3776 uem
738 3743 850 3796 scopum
864 3728 982 3789 intuens,
1000 3739 1163 3809 quacunque
1182 3722 1237 3774 alia
1251 3739 1331 3774 eausa

244 3794 380 3863 potiorem
401 3794 505 3847 ducam.
543 3794 651 3864 eramo
672 3812 729 3848 rem
747 3797 771 3847 si
789 3805 837 3861 tu,
861 3797 938 3860 Nile,
964 3802 1022 3849 terr
1042 3792 1222 3864 pernoscendi
1240 3809 1268 3845 cs
1282 3809 1332 3844 cn·

244 3863 342 3934 pidus:
368 3863 440 3919 nihil
457 3872 549 3916 autem
568 3866 622 3917 erit
640 3865 714 3936 quod
732 3881 776 3919 me
795 3883 844 3938 per
860 3874 945 3919 totam
962 3866 1147 3918 narrationem
1164 3864 1199 3915 ab
1218 3880 1250 3917 eo
1266 3879 1332 3915 avo·

245 3941 305 3989 oste
324 3935 372 3987 liet
390 3935 513 4004 profecto
533 3936 608 4007 quod
625 3937 787 4005 concupisti.
823 3938 923 3990 Verum
937 3936 1019 4008 paulo
1043 3950 1127 4004 supra
1145 3934 1330 4005 genealogiam

245 4003 341 4066 domus
356 4006 546 4075 imperatoriae
563 4007 639 4060 iuvet
653 4015 796 4075 repetere,
813 4015 846 4061 ut
858 4008 1055 4078 intelligamus,
1079 4005 1141 4076 quis
1160 4022 1175 4056 s
1195 4022 1251 4076 quo
1266 4021 1332 4074 pro·

244 4084 365 4136 creatus,
384 4083 413 4127 ct
463 4093 540 4128 orum
553 4092 587 4129 en
605 4092 633 4130 se
652 4078 713 4146 ipso
727 4086 854 4137 natorum
872 4098 954 4152 quem
972 4076 1086 4151 imperio
1104 4073 1265 4143 sinereris.
1284 4091 1330 4128 rc-

243 4145 329 4219 tiqnis
349 4146 415 4209 filiis
452 4147 497 4203 uic
510 4163 606 4217 putere
622 4148 710 4203 iussin
