3000 4742
257 728 563 822 EDITIONIS
607 727 912 809 PARISINAE
947 728 1290 812 PRAEFATIO.

517 1164 1031 1261 LECTORI

628 1382 921 1451 cauu1no
1039 1478 1042 1483 Ι

228 1687 401 1802 Secundus
422 1749 454 1802 et
477 1737 724 1823 quadragesimus
744 1759 843 1801 annus
861 1741 912 1803 hie
932 1742 1053 1823 agitur,
1083 1746 1242 1823 postquam
1263 1737 1314 1801 la·

229 1838 329 1918 cobus¹
347 1839 505 1900 Pontanua
522 1838 679 1900 societatis
698 1839 768 1897 lesu
784 1840 929 1899 loannem
941 1842 1182 1901 Cautacuzenum
1201 1840 1314 1900 Orien·

227 1941 268 2001 tia
288 1939 507 2020 Imperatorem
527 1934 684 2018 epalliato
703 1944 841 2017 togatum
861 1937 952 1998 fecit:
973 1939 1013 1998 de
1032 1941 1160 2017 Graeco,
1174 1942 1313 2021 inquam,

227 2040 261 2101 iu
276 2039 420 2109 Latinum
434 2035 587 2118 eleganter
603 2035 772 2097 convertit:
801 2045 950 2118 togaeque
970 2038 1034 2097 eiua
1050 2048 1137 2098 notas
1155 2038 1315 2118 paeradi-

227 2147 276 2199 taa
293 2134 388 2198 veluti
403 2156 573 2219 purpuram
590 2136 738 2214 intexuit,
759 2155 799 2195 ne
818 2133 932 2197 scilicet
949 2146 1049 2199 terrae
1062 2137 1207 2211 Graeciae
1227 2137 1315 2219 prin·

226 2255 298 2318 ceps
320 2235 352 2295 in
375 2233 531 2318 publicum
554 2235 619 2297 siue
640 2254 777 2316 purpura
796 2233 945 2317 prodiret.
998 2235 1105 2317 Itaque
1122 2234 1212 2318 longe
1233 2237 1314 2317 opti-

227 2355 314 2396 mum
336 2333 515 2395 historicum
545 2343 577 2396 et
604 2333 758 2396 veteribus
781 2353 884 2394 rerum
915 2335 1112 2416 scriptoribus
1134 2336 1199 2397 aine
1218 2334 1314 2396 dubio

228 2433 487 2518 comparandum,
525 2454 587 2516 qua
609 2432 709 2513 docti,
744 2454 807 2516 qua
832 2433 946 2496 indocti
975 2435 1115 2496 manibus
1143 2434 1315 2499 versabant.

228 2532 271 2595 Hi
294 2544 420 2616 propter
447 2553 551 2595 rerum
575 2543 727 2617 geatamm
750 2535 930 2595 memoriam
955 2545 1110 2596 auctorem
1135 2533 1313 2615 laudabant,

228 2644 260 2701 ot
280 2633 470 2716 probabant:
499 2630 544 2694 illi
568 2653 672 2694 rerum
692 2631 866 2695 divinarum
885 2644 976 2717 atque
990 2633 1193 2699 humanarum
1216 2634 1314 2695 scun-

226 2735 303 2796 tiam
322 2735 355 2794 in
381 2733 518 2817 principe
542 2731 763 2815 erupiciebant:
798 2732 919 2796 civilem
940 2735 1094 2813 animum,
1121 2732 1314 2816 prudentiam

228 2831 312 2893 domi
341 2831 544 2915 militiaeque,
583 2831 792 2895 tortitudnem
822 2834 854 2893 in
884 2833 975 2895 rebus
1002 2831 1180 2905 hostilibus:
1220 2834 1313 2894 animi

227 2931 466 3015 magnitudinem
486 2934 519 2994 in
538 2931 724 3015 perferendis
744 2934 886 3012 iniuriis,
923 2953 999 3016 quaa
1022 2931 1187 2994 inmlerant
1207 2933 1314 2994 mode·

227 3033 303 3092 etiae
329 3032 422 3093 nescii
463 3041 494 3093 et
517 3030 644 3115 pudoris
672 3033 770 3115 ignari
799 3032 958 3111 homines,
994 3052 1131 3116 quosque
1156 3054 1192 3094 ex
1215 3053 1315 3115 paene

227 3131 323 3191 servia
341 3127 454 3191 libetur
473 3128 607 3213 suaerat,
635 3140 717 3193 etex
734 3130 845 3194 infimis
862 3131 1043 3212 hominum,
1071 3152 1216 3194 summos.
1248 3130 1313 3192 De·

227 3228 321 3311 nique
338 3229 372 3289 in
391 3229 575 3311 imperatore
599 3228 790 3293 clementiam
810 3251 882 3315 erga
898 3231 1020 3311 hoster,
1055 3229 1162 3315 dignos
1177 3229 1313 3313 profecto

227 3323 414 3408 quihoatilia
430 3337 624 3410 pateream,
644 3328 839 3413 funditusque
852 3327 1051 3411 tollerentur3
1081 3340 1234 3412 postremo
1255 3327 1312 3389 ab·

228 3424 410 3489 dicationem
431 3424 571 3513 imperii,
598 3426 881 3511 despectionemque
896 3450 1032 3491 summae
1051 3432 1096 3490 rei
1120 3428 1312 3491 demiraban·

227 3533 302 3623 tur,
331 3526 418 3589 ctrina
436 3546 527 3589 causa
545 3525 683 3615 plerique
699 3532 772 3599 iura
787 3528 892 3591 divina
914 3528 1107 3612 humanaque
1126 3526 1260 3608 violant,
1281 3540 1313 3591 et

227 3644 377 3687 secenum
395 3627 430 3687 iu
445 3627 681 3707 monasterium,
709 3649 771 3712 quo
792 3626 943 3690 solitarius
964 3638 1178 3712 separatumque
1198 3649 1233 3689 ex
1253 3627 1311 3689 ho-

226 3726 346 3787 minum
367 3724 536 3810 frequentia
556 3728 710 3810 puriorem
728 3739 759 3788 et
779 3729 959 3790 sanctiorem
975 3730 1071 3789 vitam
1088 3729 1213 3789 viveret.
1255 3724 1310 3804 Hi,

226 3822 372 3906 inquam,
393 3824 508 3906 idest,
529 3826 663 3891 Graecae
676 3826 798 3911 linguae
811 3828 923 3907 nescii,
949 3847 1012 3888 uon
1033 3824 1121 3889 aliter
1142 3846 1235 3909 quam
1251 3824 1311 3885 La·

225 3923 290 3984 tine
307 3920 480 4007 loquentem
491 3924 624 3988 vellent:
646 3924 711 4005 illi,
736 3926 842 4005 idest,
863 3925 1004 3988 callentes
1019 3927 1176 4008 utriusque
1192 3923 1312 4006 linguae

227 4021 342 4087 diutius
362 4023 441 4087 serre
462 4046 524 4088 nou
546 4037 706 4110 poterant,
735 4036 771 4088 ut
794 4029 927 4087 Graecus
949 4037 1054 4088 auctor
1080 4024 1186 4102 aliter,
1218 4043 1309 4106 quam

226 4124 342 4191 Graece
366 4122 549 4210 loqueretur.
597 4126 689 4207 Quod
710 4147 779 4191 oum
801 4124 980 4209 intelligeret
1009 4125 1230 4213 lllustnaaimus
1253 4122 1310 4183 Vir
