3000 4742
1095 176 1117 223 ο

368 284 571 357 nutrioris
598 286 813 355 PARlSlNhE
841 288 1080 357 PRAEFATIO.
1233 298 1273 359 lx

195 456 239 520 D.
255 454 293 518 de
305 457 423 541 Noyers
443 460 506 542 regi
524 457 565 519 ab
581 458 694 520 intimis
708 456 841 520 masiliis
859 468 889 519 et
912 463 1055 538 secretis,
1084 464 1168 525 ouius
1183 486 1273 529 curae

190 554 328 618 aedilicia
358 561 460 642 regia,
499 569 599 637 artes,
632 562 757 641 ipsaque
786 559 985 643 typographia
1023 564 1106 644 regia
1130 568 1274 646 permissa

187 668 281 737 sont,
314 677 372 740 pro
395 658 538 743 singulm-i
560 658 747 721 humanitate
765 678 841 738 sua,
867 678 984 742 proque
999 660 1104 722 innato
1124 684 1187 725 non
1206 664 1273 728 vul-

188 760 258 840 gari
277 779 350 841 erga
364 757 479 821 litteras
496 758 625 838 affectu,
654 779 784 842 quarum
800 762 1046 842 propagationem
1063 761 1102 824 ad
1125 784 1276 829 sirmrnam

186 856 409 939 rempublicam
438 860 590 943 pertinere
618 859 714 945 probe
742 860 818 938 scit,
853 860 954 921 usum
983 862 1130 943 optimum
1161 863 1275 927 acum

187 955 291 1018 videri
314 956 371 1019 sibi
385 958 585 1041 significum,
613 969 648 1022 ut
666 956 832 1039 δίγλωττος
853 958 993 1022 ederetur
1013 972 1119 1023 auctor
1139 961 1207 1025 luce
1224 964 1272 1025 di·

186 1055 372 1147 gnissimus,
414 1076 477 1140 quo
500 1069 646 1141 utrosque
669 1059 734 1121 voti
760 1068 914 1140 compotes
935 1058 1062 1122 facum
1094 1071 1186 1145 utque
1208 1064 1273 1146 ipse

186 1152 416 1217 canucmenus
432 1177 504 1219 oum
521 1159 611 1221 tineis
627 1170 660 1220 et
678 1156 782 1223 blacos
798 1179 936 1242 pugnare
956 1158 1123 1239 damac,
1151 1165 1204 1246 qui
1226 1174 1273 1226 tot

183 1273 306 1338 Pudnu
324 1268 507 1339 Pussffloeir
528 1269 634 1343 ¹⁰qu
650 1259 811 1322 hminum
828 1270 967 1342 ΜΨ)
985 1263 1161 1344 Primum
1183 1284 1202 1324 θ
1223 1266 1271 1325 Vi·

183 1373 299 1419 vorum
318 1377 446 1420 numero
466 1358 662 1439 eximeretur,
684 1358 843 1421 eddom
865 1380 927 1443 quo
948 1359 1027 1423 iacto
1043 1365 1162 1445 egregio
1181 1384 1272 1425 neruo

180 1473 258 1516 sane
274 1457 393 1538 sapiens
411 1456 468 1520 ibit
483 1458 615 1538 inficias,
642 1457 878 1521 illustrissimum
899 1461 1000 1523 virum
1027 1464 1141 1547 optime
1155 1460 1194 1523 de
1218 1460 1270 1524 lit-

181 1556 260 1618 teris
283 1576 347 1619 esse
366 1560 586 1642 promeritum,
621 1578 718 1642 eoque
735 1562 858 1621 nomine
877 1562 981 1625 unicas
1002 1563 1158 1644 cigretias
1177 1582 1270 1643 agen·

180 1651 250 1718 das.
291 1656 473 1737 Quinimo,
495 1660 521 1720 si
539 1656 615 1740 quid
632 1679 737 1721 manes
758 1661 909 1736 sentiunt,
929 1657 962 1720 id
981 1660 1038 1740 ipsi
1062 1660 1271 1723 Cantacsumo

179 1757 427 1838 acceptissimum
440 1757 506 1819 fore
525 1755 669 1825 credibile
682 1768 741 1835 est,
760 1756 843 1838 quod
855 1757 981 1817 Latinae
998 1755 1117 1839 linguae
1131 1770 1161 1820 et
1175 1761 1269 1821 Grae-

180 1872 241 1930 cae
263 1853 399 1936 quodem
424 1856 576 1919 consortio
595 1855 681 1935 prasi
709 1851 932 1934 quodammodo
955 1855 1036 1915 iuter
1061 1866 1195 1919 veterem
1214 1879 1271 1919 no·

181 1971 322 2035 vanaque
348 1952 477 2014 Romam
500 1938 590 2015 beue'
605 1954 768 2013 convenire
798 1952 958 2032 videaur,
997 1954 1080 2035 quod
1108 1955 1161 2019 ille
1183 1959 1272 2025 vivus

177 2052 388 2134 percupierat.
419 2051 486 2112 Hoc
506 2052 600 2133 igitur
618 2048 731 2132 fruere,
750 2051 881 2131 Lector,
902 2062 933 2113 et
948 2051 1127 2115 benfficium
1142 2074 1272 2138 agnosoe

178 2153 264 2231 viri,
296 2170 465 2237 quonemo
484 2149 525 2212 ad
544 2149 640 2212 bonas
663 2161 744 2212 artes
762 2150 1006 2234 promovendae,
1037 2164 1068 2214 et
1087 2155 1211 2217 emmios
1228 2155 1270 2217 ab

178 2262 249 2315 arte
271 2252 354 2313 viros
372 2249 521 2313 iuvandos
543 2252 722 2333 propensior
742 2252 861 2329 eusut,
890 2252 915 2312 si
939 2272 1003 2314 non
1018 2253 1153 2334 ingratus
1177 2265 1268 2337 atquo

177 2351 221 2413 ab
241 2352 326 2413 omni
342 2349 530 2412 humanitate
550 2349 666 2411 alienus
684 2370 729 2411 es.
770 2349 903 2428 Quodsi
919 2361 950 2412 ts
970 2350 1019 2411 hic
1033 2372 1164 2434 aequum
1177 2374 1267 2435 prae-

176 2448 306 2529 bueria,
345 2451 447 2532 primo
475 2469 598 2532 quoque
622 2459 760 2532 tempore
782 2469 888 2511 omncs
918 2449 1062 2511 historiae
1085 2453 1268 2534 Bymntinae

176 2552 343 2633 scriptores
356 2548 559 2628 tameditos,
588 2570 681 2632 quam
697 2569 792 2611 manu
808 2559 943 2613 exaratos
960 2552 1041 2632 typis
1061 2552 1151 2633 regiis
1173 2551 1266 2613 eden·

177 2648 236 2711 dos
269 2649 404 2713 eusdem
428 2649 621 2711 illusuissimi
647 2650 708 2711 viri
732 2648 826 2711 ductu
855 2658 886 2711 et
909 2649 1000 2732 Regis
1020 2649 1282 2713 Christianissimi

126 2739 132 2753 ⁶
180 2751 321 2832 auspiciis
335 2747 484 2832 prolaturi
499 2770 621 2813 surnnsr
644 2747 684 2809 de
704 2750 790 2810 ouius
807 2749 852 2809 rei
869 2747 999 2809 utilitate
1010 2748 1149 2831 plerique
1162 2771 1267 2813 omnes
1353 2788 1361 2805 ·

178 2850 382 2913 consentiunt.
423 2850 489 2911 Vos
507 2850 560 2931 qui
578 2847 693 2911 litteras
715 2849 843 2928 amatis,
874 2848 992 2929 favete,
1021 2859 1052 2911 et
1071 2848 1198 2910 consilio
1217 2851 1266 2911 iu·

177 2959 263 3012 vate.
302 2948 420 3029 Fama,
441 2950 560 3031 virtus,
586 2959 617 3009 et
638 2951 714 3011 recti
733 2968 820 3009 amor
846 2968 915 3009 eum
937 2947 1116 3028 deseruere,
1137 2949 1191 3028 qui
1213 2946 1266 3008 lit·

176 3057 260 3109 teras
275 3068 337 3109 non
354 3034 454 3128 amat,
483 3059 537 3110 aut
551 3068 601 3110 eas
616 3046 745 3111 incultas
769 3047 896 3109 deserite
927 3058 957 3107 et
972 3050 1092 3129 penitus
1107 3045 1265 3128 inglorius,

176 3144 228 3208 vel
244 3145 358 3209 iudicio
376 3169 431 3209 suo
446 3167 503 3209 nee
522 3149 688 3228 memoria,
715 3166 815 3229 neque
835 3146 943 3209 litteris
959 3146 1084 3229 dignum
1098 3146 1264 3230 quidquam

177 3248 288 3328 gessit,
318 3247 372 3310 scd
388 3248 471 3329 quod
486 3258 609 3309 aeterno
625 3246 744 3308 silentio
762 3248 858 3335 magis
873 3246 1063 3313 obruendum
1082 3249 1141 3331 sit,
1171 3268 1264 3331 quam

177 3344 347 3413 litterum
368 3351 572 3415 monumentis
593 3345 812 3411 mandandum.
853 3345 942 3410 Vale.
