3000 4742
260 273 345 376 340
662 300 941 368 mursensem

14 478 15 527 ;
116 459 146 512 Δ
156 453 371 538 αιλυθχύνην,
396 449 452 518 καί
470 445 507 528 te
532 451 643 540 δφίκτό
661 477 697 520 τε
712 452 795 521 κατοὶ
808 453 907 538 τύχας
923 452 979 521 καί
987 454 1068 538 μετὰ
1084 455 1198 542 πολλῆς
1213 456 1269 543 τῆς
1284 481 1343 540 με-

261 547 420 637 τριότητος
443 554 514 633 καί,
547 545 612 617 οἷον
630 552 746 635 εἰπεῖν,
780 555 923 629 δουλείας
945 556 1123 638 συνεγένετο
1144 557 1189 643 τῷ
1208 561 1345 639 βασιλεῖ.

198 656 202 663 “
260 649 305 726 ὥς
317 646 377 737 γὰρ
394 647 485 733 ἐγγύς
506 651 626 732 έγένετο
644 645 719 717 ὅσον
738 647 816 740 όρᾷν
840 675 873 716 τε
892 648 1098 736 τὸνβασιλέα
1124 653 1180 719 καί
1201 652 1343 740 ὁρᾶσθαι

259 754 337 836 παρ’
353 741 463 828 αύτού,
493 745 588 825 αύτός
603 774 638 814 τε
659 748 715 815 καί
737 742 828 815 ἄλλοι
842 754 971 838 Πέρσαι
988 752 1051 816 τεόν
1069 753 1173 817 iussos
1188 751 1345 834 καταβάν-

232 864 311 925 Βτες
326 844 384 911 καί
401 846 608 932 προελθόντες
628 848 681 914 ἐπὶ
692 847 826 936 μικρόν,
854 848 884 913 οἱ
903 852 963 931 μέν
977 843 1067 915 ἄλλοι
1083 846 1195 925 πάντες
1214 842 1365 920 dautem

260 947 317 1016 τόν
343 945 475 1029 βασιλέα
503 949 730 1031 προσεκύνουν,
764 946 821 1024 τδις
846 947 987 1034 κεφαλὰς
1011 946 1187 1035 ἐρείσαντες
1212 946 1266 1013 έπί
1287 946 1345 1032 τήν

259 1047 328 1130 μήν·
361 1041 456 1120 αύτός
473 1046 495 1108 δ
499 1049 509 1076 '
527 1037 608 1131 1ἄχρι
624 1047 779 1126 βασιλέως
794 1043 899 1111 sienis
918 1047 1007 1133 πεζῇ,
1037 1044 1221 1133 προσεκύνει
1236 1070 1272 1111 τε
1291 1047 1347 1110 κατ’

260 1143 417 1231 ἠσπάζετο
435 1142 489 1210 τὸν
503 1145 659 1227 βασιλέως
675 1143 776 1227 πόδα,
803 1143 909 1210 ἔπειτα
925 1143 1061 1232 ἔφιππος
1076 1141 1257 1229 γενόμενος,
1282 1144 1346 1228 μό-

261 1268 313 1321 νος
333 1240 420 1333 μόνρ
441 1245 621 1328 συνεγένετο
643 1246 686 1332 τῷ
706 1249 839 1326 βασιλεῖ.
873 1243 972 1309 πολλὰ
993 1246 1029 1309 δὲ
1054 1243 1133 1332 πρός
1155 1246 1250 1312 αύτύν
1270 1249 1348 1331 περί

261 1339 383 1429 εἰρήνης
403 1344 625 1427 διαλεχθέντος
644 1346 800 1427 βασιλέως
825 1346 880 1409 καί
896 1336 934 1409 eri
952 1342 1094 1430 ποιήσειν
1116 1344 1388 1429 έπαγγειλαμέ-ιο

261 1466 337 1524 νου,
363 1438 462 1518 αύτός
480 1445 539 1524 μὲν
562 1444 607 1520 εἰς
628 1440 664 1506 τό
684 1446 796 1508 οἰκείου
818 1441 1050 1530 στρατόπεδον,
1078 1442 1226 1527 βασιλεύς
1249 1447 1269 1509 δ
1274 1450 1283 1475 '
1299 1446 1347 1519 εἷς

261 1538 375 1625 Πηγὰς
395 1538 453 1627 τήν
477 1540 568 1606 πόλιν
591 1541 764 1626 ἐπανῆλθεν
790 1545 845 1607 καί
862 1544 895 1618 ές
913 1540 971 1628 τήν
991 1538 1162 1627 ὑστεραίαν
1184 1541 1278 1608 πόλιν
1292 1544 1347 1608 έλ-

260 1636 330 1703 θτόν
350 1636 368 1703 ό
388 1640 597 1726 Ταμηρχόνης
620 1641 676 1704 καί
698 1637 919 1726 προσκυνήσας
936 1640 1069 1723 βασιλέα
1089 1637 1144 1704 καί
1161 1641 1347 1725 ἐπαγγειλά-

259 1760 354 1820 μενος
371 1737 497 1826 εἰρήνην
520 1732 606 1817 οἷξειν
631 1740 690 1804 τού
707 1741 820 1804 λοιποῦ
844 1738 899 1805 καί
920 1749 985 1817 τοῖς
1006 1737 1086 1804 κατὰ
1109 1738 1166 1826 τήν
1191 1743 1234 1805 eu
1258 1740 1345 1807 ‘Poo-

258 1837 367 1921 μαίοις
382 1840 535 1925 μηδέποτε
559 1836 812 1925 ἐπιστρατεύσειν
818 1889 829 1922 ,
857 1836 972 1925 διόροις
991 1861 1024 1903 τε
1048 1834 1268 1922 ἀμειψομένου
1283 1841 1386 1921 lia-15

260 1936 373 2014 σιλέας
403 1936 498 2016 όξίοις
523 1932 642 2002 ἑαυτοῦ
647 1988 658 2019 ,
693 1935 711 2003 ό
740 1942 802 2020 μὲν
827 1939 1028 2018 έπανέζευξεν
1050 1940 1101 2014 ἐἰς
1131 1935 1188 2023 τήν
1217 1937 1345 2019 οἰκείαν,

230 2032 340 2122 ῦόπερ
368 2032 567 2120 eumcum
586 2031 691 2121 ἇληθῆ
713 2035 768 2101 ἐπὶ
796 2039 859 2102 τῶν
884 2034 983 2121 ἔργων
1007 2029 1201 2112 οἶποδεικνύς·
1239 2030 1346 2101 οόκέτι

258 2132 320 2220 γὰρ
350 2135 444 2200 ούδὲν
473 2134 602 2221 ήδίιιησε
627 2135 821 2216 Ῥαμαίους·
859 2134 1008 2218 βασιλεύς
1036 2137 1072 2200 δέ
1097 2136 1141 2212 είς
1166 2136 1345 2212 Βυζάντιον

259 2235 421 2320 ἐπανῆκεν.
445 2231 524 2299 ἔνθα
548 2234 741 2320 διατρίβοντι
759 2233 780 2299 ό
799 2237 862 2300 τῶν
886 2236 1013 2299 Μυσῶν
1032 2231 1181 2317 βασιλεύς
1206 2230 1343 2317 Μιχαήλ

162 2333 452 2418 λιδρμεμήνυκεν,
479 2335 509 2397 εἰ
527 2331 662 2419 ύρεστόν
683 2333 769 2423 αύτῷ
792 2331 840 2419 εἴη
847 2384 856 2414 ,
877 2337 1039 2399 συνελθεῖν
1053 2356 1086 2397 τε
1107 2326 1193 2420 αύτῷ
1209 2335 1263 2396 καί
1285 2330 1382 2407 sciero

260 2428 398 2507 σπονδύς
418 2429 660 2499 ἀνανεώσασθαι
676 2431 732 2521 καί
743 2430 799 2517 τήν
822 2431 957 2519 εἰρήνην.
982 2429 1040 2516 τήν
1059 2428 1118 2517 γὰρ
1142 2426 1293 2517 πρότερον
1309 2434 1344 2496 έν

254 2528 518 2621 Ἀδριανουπήλει
543 2534 710 2616 γενομένην
736 2530 927 2614 συντυχίαν,
970 2533 1026 2594 τού
1059 2533 1171 2616 καιρού
1194 2533 1250 2594 καί
1279 2532 1343 2595 τῶν

258 2630 450 2717 πραγμάτων
477 2629 534 2695 ode
558 2628 680 2697 ἐώντων
705 2628 760 2696 διό
782 2628 835 2696 τόν
864 2625 1082 2713 συμβεβηκότα
1103 2624 1172 2693 τότε
1195 2629 1341 2711 πόλεμον,

258 2731 308 2795 ἐπί
330 2728 432 2817 ὀλίγον
452 2753 487 2795 τε
512 2734 704 2819 γεγενῆσθαι
728 2727 784 2796 καί
808 2729 1051 2817 τεταραγμένος.
1091 2729 1148 2794 καί
1168 2730 1238 2795 ἐπεί
1260 2726 1341 2793 κατύ

329 2905 373 2948 ao.
389 2891 438 2943 καλ
455 2890 551 2963 scripsi
569 2877 672 2963 prosi·

259 3043 294 3079 ex
310 3029 447 3081 sententia
472 3031 609 3088 successit.
650 3027 672 3080 E
689 3027 786 3095 Cyzico
807 3026 881 3080 enim
899 3026 979 3096 Pegas
998 3025 1032 3078 ad
1048 3023 1255 3095 Hellespontum
1275 3036 1340 3092 pro-

257 3096 362 3161 iectus,
388 3116 449 3150 eum
467 3102 614 3151 accersivit.
649 3098 706 3168 Qui
724 3100 849 3151 celeriter
864 3115 1004 3167 praescus,
1033 3113 1126 3163 magna
1151 3092 1340 3146 moderatione

258 3176 287 3218 et
304 3166 505 3237 qssodemmodo
532 3170 702 3222 subiectione
727 3187 787 3220 cum
813 3170 974 3238 imperatore
999 3183 1154 3235 congressus
1180 3171 1228 3215 est,
1272 3164 1341 3216 Nem

257 3251 317 3286 eum
338 3239 448 3305 propius
466 3239 587 3303 abesset,
619 3239 722 3291 utiam
740 3242 829 3308 ipsum
846 3238 938 3291 videre
962 3247 990 3291 et
1007 3236 1041 3288 ab
1062 3239 1119 3304 ipso
1137 3232 1224 3286 rideri
1240 3240 1340 3302 posset,

257 3320 318 3356 eum
335 3306 422 3359 Persis
437 3311 492 3359 suis
513 3310 547 3360 ab
562 3311 639 3380 equis
656 3309 813 3362 deseendit:
833 3310 999 3379 paulumque
1016 3308 1157 3377 progressi,
1176 3305 1258 3356 ceteri
1277 3303 1339 3373 qui-

258 3374 320 3426 dem
342 3392 434 3428 omnes
454 3379 649 3447 imperatorem,
668 3388 813 3450 autequam
831 3397 864 3448 ap
886 3381 1088 3447 ropinquarent,
1110 3374 1245 3444 capitibus
1263 3372 1338 3424 humi

259 3444 400 3497 submissis
423 3447 588 3513 adorabant3
616 3452 675 3519 ipse
693 3449 807 3501 adeum
825 3397 941 3519 pedibus
958 3447 1088 3499 accedeus
1116 3455 1144 3498 et
1162 3443 1291 3497 adorabat
1310 3450 1339 3495 et

253 3513 355 3584 'pedem
381 3516 455 3568 iliius
480 3520 659 3573 osculabatur.
699 3520 807 3570 Deinde
835 3536 905 3588 equo
924 3534 1085 3582 conscenso,
1110 3517 1182 3568 solus
1200 3532 1261 3566 cum
1279 3513 1337 3566 solo

255 3585 339 3637 verba
356 3588 475 3640 miscuit.
520 3591 669 3658 imperator
694 3588 742 3640 ubi
769 3589 861 3640 multis
888 3606 947 3640 cum
967 3606 999 3641 eo
1024 3586 1058 3639 de
1076 3604 1142 3657 paee
1160 3587 1216 3656 egit
1233 3593 1261 3637 et
1278 3602 1337 3653 gra·

255 3654 322 3707 tiam
341 3658 485 3709 relaturum
503 3660 642 3728 promisit,
660 3659 757 3727 Pegm,
775 3659 823 3710 ilie
847 3660 876 3709 iu
896 3667 979 3711 eastra
1006 3675 1053 3709 sua
1079 3657 1169 3710 rediit.
1204 3654 1337 3708 Postridie

256 3734 402 3791 revertens,
421 3729 538 3780 salutato
557 3730 730 3797 imperatore,
746 3746 839 3797 pacem
858 3730 886 3780 in
897 3738 1034 3798 posterum
1054 3737 1082 3779 et
1093 3725 1218 3779 Romanis
1234 3727 1263 3778 iu
1281 3726 1338 3778 ori-

255 3803 320 3849 ente
336 3815 392 3851 uon
409 3799 524 3868 amplius
540 3799 682 3850 molestum
701 3800 822 3851 futurum
839 3800 981 3868 promisit:
1012 3797 1146 3868 donisque
1170 3797 1204 3848 ab
1229 3812 1262 3847 eo
1287 3811 1337 3864 pro

255 3862 388 3934 dignitate
407 3869 513 3931 cultus,
537 3868 571 3920 ad
590 3886 652 3921 suos
670 3885 699 3921 se
717 3871 837 3938 recepit;
868 3878 895 3922 et
913 3873 1043 3940 promissa
1059 3868 1093 3920 ad
1113 3884 1168 3920 rem
1186 3866 1337 3927 conserens,

254 3950 394 4007 uunquam
422 3939 521 3994 deinde
548 3941 674 3993 Romanis
698 3942 800 3992 nocuit
846 3942 995 4009 imperator
1015 3940 1173 4004 Byzantium
1199 3935 1336 3988 remeauit.

254 4004 297 4057 Ibi
317 4020 481 4073 euinceret,
504 4009 623 4063 Michael
642 4011 796 4064 Moesorum
817 4028 864 4062 rex
884 4011 910 4062 ei
928 4010 1068 4080 significat,
1087 4010 1110 4061 si
1128 4009 1260 4077 placeret,
1288 4022 1337 4057 eu·

253 4091 319 4146 pere
336 4096 365 4131 se
379 4080 456 4132 illum
474 4082 619 4135 convenire
637 4089 665 4133 et
682 4081 779 4135 foedus
796 4083 953 4134 instaurare.
982 4077 1158 4149 Adrianopoli
1175 4078 1247 4130 enirn
1264 4083 1336 4126 tem·

252 4146 366 4215 poribus
384 4166 440 4201 nou
457 4151 620 4214 sinentibus,
639 4151 763 4221 (propter
780 4152 910 4205 tumultus
928 4148 1059 4202 videlieet
1075 4147 1210 4213 bellicos)
1227 4146 1335 4199 brevem

254 4224 283 4268 et
297 4220 486 4289 perturbatum
505 4220 590 4276 fuisse
609 4238 787 4292 congressum.
823 4221 891 4274 Cum
909 4220 1055 4291 placuisset
1078 4219 1252 4291 imperatori,
1282 4215 1335 4270 Se-
