3000 4742
467 294 747 361 rusronuauu
777 303 803 361 1.
833 304 883 376 σο.
1091 298 1094 305 ·
1151 275 1236 363 303

154 448 296 514 ἕπεσθαί
313 445 344 512 οἱ
365 446 554 532 παρεκάλει,
573 444 728 531 ὀλόμενος
751 448 813 529 ὥς,
843 443 884 513 ἀν
903 449 996 517 edroi
1015 455 1166 537 γένωνται
1182 459 1309 524 tntae.
1320 468 1386 525 ou

152 546 194 610 τά
212 549 322 629 τείχη,
343 538 402 610 νῦν
415 570 464 621 τις
481 548 552 635 ἐπίῃ
568 550 632 613 τῦν
646 548 823 629 πολεμίων,
845 548 902 612 οῦκ
919 541 960 614 οἷν
977 574 1051 615 ποτε
1071 556 1234 641 τολμήσων

150 644 198 718 εἷς
216 652 333 728 χεῖρας
349 638 458 718 αῦτοῖς
474 647 595 710 ἐλθεῖν·
628 644 699 710 ἀλλ’
727 640 944 729 ἀποσχήσεται
972 653 1138 734 γνωρίμων
1152 676 1241 735 γενο-

148 745 272 822 μένων,
305 740 363 805 καί
386 745 493 807 τοῦτον
522 740 576 807 τὸν
598 741 711 828 τρόπον
732 753 800 818 τοῖς
819 747 984 832 σφετέροις
1008 742 1139 813 ἔσεσθαι
1169 749 1243 817 ἀντί
1274 772 1280 791 ’

128 844 286 908 ὅπολλοῦν.
317 838 334 906 ὃ
356 844 455 923 μέγας
470 842 517 921 ¹cli
541 844 722 921 δομέστικος
745 836 803 905 οῦκ
830 843 1017 930 ἀπέτρεπεν,
1044 839 1113 910 ἀλλ’
1135 849 1241 934 ἀμαρ-

147 936 258 1005 τάνειν
278 932 399 1014 αῦτοῦς
412 937 530 1025 ἔφασκε
543 942 601 1002 τοῦ
619 942 753 1023 δέοντος,
767 932 806 1005 ἀν
819 943 923 1006 ταῦτα
937 947 1059 1013 ποιοῦσι.
1080 949 1166 1027 ,τῶν
1177 946 1237 1034 γὰρ

146 1034 413 1125 ὑπολειφθέντων
431 1038 626 1122 ἀναβήσεται
646 1039 768 1121 eddela,
790 1032 848 1103 οῦκ
869 1040 1005 1130 ἀτολμίᾳ
1031 1046 1071 1130 τῇ
1095 1043 1173 1130 πρὸς
1197 1043 1237 1110 roi

149 1132 262 1218 δεινὰ,
283 1136 360 1202 οῦδὲ
378 1137 533 1225 κακονοίᾳ,
554 1130 624 1199 ἀλλ’
646 1140 777 1212 ἕκαστος
794 1141 916 1223 πρῶτος
933 1133 1115 1221 ἀναβαίνειν
1128 1139 1234 1226 ἀξιοῦν,
1246 1160 1335 1223 M&

148 1234 216 1298 ῦπὸ
243 1234 436 1321 φιλονεικίας
458 1231 571 1310 πάντες
595 1233 655 1298 ῦτί
679 1235 823 1319 ἀλλήλων
844 1235 1089 1321 κωλυθήσονται.
1118 1240 1174 1306 καί
1199 1242 1238 1306 οῦ

110 1331 250 1415 τομόνον
268 1334 463 1417 ἀναβήσεται
479 1327 591 1415 edelric,
612 1331 693 1398 ἀλλά
706 1334 764 1398 καί
774 1330 875 1397 αῦτοῦ
898 1338 1128 1423 συστραφέντες
1144 1333 1240 1426 ἀλλή-

147 1437 218 1507 λοις
239 1435 476 1514 συμπεσοῦνται
505 1436 560 1496 καί
583 1435 813 1519 διαφθεροῦσιν
831 1426 1004 1517 ἀλλήλους,
1028 1437 1239 1523 ἀμελήσαντες

147 1533 211 1596 τιῦν
232 1532 404 1613 πολεμίων.
425 1523 463 1594 οὗ
486 1530 526 1615 δή
543 1535 632 1596 ἓνεκα
656 1532 742 1615 ήμῦς
761 1532 844 1596 κάτω
865 1534 970 1613 μένειν
992 1535 1061 1599 δέον
1084 1535 1239 1620 ἀναβιβά-

147 1632 261 1710 ζοντας
278 1627 396 1704 αῦτοῦς
416 1631 451 1695 έν
464 1630 551 1708 τάξει
574 1629 630 1694 καί
643 1630 700 1714 τήν
723 1627 791 1714 ἔριν
809 1626 1027 1706 διαλύοντας.”
1045 1637 1173 1699 τοιαῦτα
1194 1639 1238 1724 τῷ

144 1727 277 1818 μεγάλῳ
298 1726 415 1791 εἰπόντι
436 1726 606 1817 δομεστιλαρ
627 1726 768 1792 duellae
786 1726 804 1791 o‘
820 1726 971 1811 βασιλεῦς
987 1728 1043 1794 καί
1053 1727 1110 1817 τήν
1126 1725 1239 1797 duodo

108 1831 302 1912 ι5έπέτρεπε
320 1834 389 1900 τοῖς
414 1827 489 1911 περί
512 1822 618 1892 αῦτόν.
646 1828 826 1892 antidoti
852 1830 888 1894 ἐν
902 1829 1010 1916 ταάτρῦ
1030 1829 1238 1916 προσφῦντων

147 1923 206 1989 καί
225 1920 295 2006 ἀμα
316 1924 495 2006 ἀναβαίνειν
516 1927 737 2011 πειρωμένων,
764 1924 786 2010 ἦ
814 1928 875 1989 τοῦ
891 1930 1047 2010 βασιλέως
1068 1927 1181 2011 κλίμαξ
1199 1928 1277 1998 τὸν.
1289 1947 1338 2019 ιήρ

146 2021 251 2110 βάρος
279 2022 336 2087 οῦκ
365 2025 534 2106 ἐνεγκοῦσα
562 2028 730 2106 κατέπεσε,
758 2029 821 2092 τῶν
840 2025 942 2091 κάλων
972 2026 1148 2113 ῥαγέντων·
1177 2033 1260 2101 nain

143 2121 232 2208 μόνη
253 2123 476 2187 καταλέλειπτο
495 2123 518 2208 ή
539 2126 598 2188 τοῦ
616 2125 751 2207 μεγάλου
773 2124 976 2208 δομεοτίκου,
998 2124 1055 2191 καί
1079 2129 1122 2191 δι’
1141 2128 1239 2213 αάτής

145 2221 289 2309 ἀνῄεσαν
309 2224 384 2286 καθ’
403 2224 458 2287 ἕνα
472 2222 527 2286 καί
545 2225 647 2308 σχολῇ
655 2273 666 2303 ,
686 2220 765 2307 πρὸς
787 2223 845 2309 τήν
872 2222 1029 2307 ἀνάβασιν
1048 2225 1236 2312 ἀμφοτέρων
1266 2212 1269 2220 ’

105 2321 343 2407 αοέφεστώτων
363 2318 419 2384 καί
443 2321 502 2384 οῦκ
521 2314 664 2396 ἀπειλαῖς
683 2320 802 2404 μόνον,
832 2316 913 2388 ἀλλά
935 2321 991 2388 καί
1009 2330 1139 2408 πληγαῖς
1165 2327 1237 2389 ἐπε-

142 2417 273 2500 χόντων
299 2416 355 2483 τὸν
382 2410 463 2501 ἀγαν
489 2416 642 2501 ἀθισμόν.
669 2418 740 2485 ἐπεὶ
766 2422 803 2487 di
828 2410 922 2510 ἀλίγφ
948 2421 1067 2499 δέοντες
1097 2417 1236 2508 ἀνήλθσν

143 2511 280 2597 ἑκατὸν,
326 2514 344 2580 δ
376 2515 436 2600 τήν
471 2520 533 2581 τεῦν
561 2515 712 2603 φυλάκων
751 2519 934 2601 ἐπιμέλειαν
971 2521 1244 2604 ἐπιτετραμμένος

143 2612 329 2699 Συναῦήνός
349 2611 366 2679 ῦ
387 2616 447 2681 τοῦ
466 2613 626 2702 Μαροῦλη
646 2616 726 2702 πρὸς
746 2615 805 2704 τήν
825 2616 904 2703 βοήν
925 2617 1020 2698 ἀξίως
1040 2615 1108 2701 ἅμα
1129 2622 1235 2685 διακο-

144 2712 231 2788 σίοις
248 2710 479 2800 ἐπιβοηθήσας,
501 2706 587 2779 οῦπω
606 2714 743 2798 νομίζων
765 2714 819 2782 ἐπὶ
836 2719 896 2781 τοῦ
921 2719 1044 2801 τείχους
1068 2713 1146 2783 εἶναι
1160 2716 1233 2795 τοῦς

143 2925 259 2961 manum
277 2925 432 2974 conserere,
456 2909 504 2963 sed
521 2910 598 2963 velut
615 2926 630 2961 a
648 2910 721 2979 notis
738 2910 935 2980 refugitumnr,
958 2916 1041 2980 atque
1059 2909 1109 2961 hac
1126 2909 1233 2962 rationo

144 2980 202 3031 suis
224 2980 311 3030 instar
335 2980 481 3032 multorum
499 2981 566 3033 fore.
601 2979 702 3032 Verum
721 2997 834 3049 magnus
855 2979 1017 3031 domesticus
1040 2977 1069 3029 id
1089 2996 1144 3030 nou
1169 2995 1233 3047 per-

143 3049 293 3113 mittebat,
313 3047 474 3134 aiebatque,
494 3068 522 3103 se
544 3059 573 3103 et
590 3049 666 3100 illum
688 3049 723 3100 ab
741 3051 832 3103 officio
851 3050 1025 3112 discessuros,
1045 3049 1069 3099 ai
1086 3047 1140 3100 hoo
1157 3049 1231 3100 lace-

146 3129 225 3172 rent:
244 3136 306 3171 nam
321 3136 355 3170 ex
374 3120 486 3189 reliquis
504 3122 641 3172 neminem
659 3136 845 3173 ascensurumr
863 3136 920 3171 non
939 3120 1004 3190 quia
1023 3117 1117 3170 adres
1136 3119 1231 3170 arduas

146 3190 371 3260 periculosusque
398 3192 487 3257 ignari
513 3197 619 3253 essent,
648 3205 737 3258 neque
765 3190 935 3259 malignitate
960 3188 1069 3258 aliqua,
1098 3189 1147 3240 sed
1171 3206 1232 3240 cunr

147 3276 219 3312 unus
260 3261 338 3332 isque
350 3260 453 3328 primus
471 3257 616 3312 ascendere
635 3276 667 3310 eu
689 3262 737 3321 iet,
758 3276 792 3310 ex
810 3260 991 3311 aemulatione
1009 3274 1102 3309 omnes
1113 3258 1229 3311 invicem

147 3330 220 3398 impe
241 3330 309 3381 itum
329 3330 373 3381 iri.
408 3328 505 3399 Neque
523 3329 611 3381 solum
630 3277 737 3380 nulium
761 3329 949 3391 accensurum,
975 3328 1023 3380 sed
1048 3327 1088 3379 ibi
1108 3329 1230 3381 conden-

148 3409 221 3452 satos
239 3401 310 3452 inter
328 3416 357 3451 se
376 3408 539 3469 pugnaturos
557 3398 775 3470 dissidentesque
793 3417 824 3451 ac
843 3399 992 3468 litigantes,
1010 3396 1116 3451 hostem
1135 3401 1230 3468 negle-

147 3478 246 3521 cturos.
282 3469 375 3540 Quare
395 3486 444 3520 nos
464 3470 534 3522 inira
551 3477 704 3532 manentes,
722 3469 830 3541 iuquit,
848 3478 881 3521 ut
897 3469 939 3520 illi
959 3466 1055 3520 ordine
1073 3468 1228 3532 ascendant,

148 3539 238 3589 iacere
262 3548 290 3592 et
315 3540 520 3592 contentIonem
545 3537 703 3609 praecidere
727 3548 844 3609 oportet.
885 3537 1090 3606 Obtemperavit
1116 3539 1228 3591 monitis

148 3607 305 3677 imperator,
322 3619 350 3661 et
359 3611 401 3670 iis,
415 3610 463 3681 qui
481 3611 580 3662 circum
595 3626 624 3662 se
642 3616 879 3672 erant,ascensum
896 3610 1037 3666 concessit.
1055 3608 1123 3660 Cum
1137 3618 1228 3661 autem
1261 3668 1263 3671 ¹

147 3678 226 3728 multi
244 3675 464 3732 adhaerescentes
482 3680 564 3732 simul
581 3680 726 3732 ascendere
743 3686 928 3743 conarentur,
948 3679 1036 3731 scalae
1054 3680 1227 3748 imperatorie

148 3748 263 3815 ponderi
283 3750 413 3814 impares,
432 3751 519 3818 ruptis
542 3750 665 3812 funibus,
683 3748 783 3821 quibua
801 3750 1025 3810 attrahebantur,
1055 3748 1225 3812 deciderunt,

148 3818 276 3889 aulaeque
295 3819 404 3871 relictae
425 3829 488 3872 sunt
506 3821 595 3889 magni
614 3820 771 3872 domestici:
798 3836 848 3889 per
865 3837 933 3891 quas
950 3818 1090 3888 sigillatim
1109 3828 1138 3871 et
1153 3836 1224 3888 pau-

147 3886 224 3938 latim
242 3886 435 3952 ascenderunt,
454 3886 586 3943 ambobus
606 3890 776 3954 astantibus,
794 3905 845 3941 nec
863 3891 945 3941 minis
963 3898 1085 3949 tantum,
1104 3887 1151 3940 secl
1164 3890 1225 3959 pla-

147 3957 188 4025 gis
208 3974 318 4028 quoque
335 3974 364 4010 se
381 3960 554 4028 impellentes
572 3959 778 4017 cohibentibus.
822 3957 877 4010 Ubi
900 3958 983 4027 paulo
1005 3958 1094 4010 tninus
1113 3968 1222 4011 centum

146 4026 341 4092 ascenderunt,
358 4029 509 4098 praelectus
526 4031 639 4101 vigilum
657 4030 834 4096 Synsclenus,
858 4028 982 4080 Maeuiae
1001 4028 1091 4091 iilius,
1112 4028 1146 4080 ad
1165 4030 1223 4081 cla-

146 4111 250 4149 morem
268 4112 384 4168 propere
403 4116 462 4150 cum
480 4098 606 4153 ducentis
625 4100 750 4152 subsidio
769 4113 921 4160 accurrens,
939 4095 1061 4150 nondum
1082 4097 1174 4151 hostes
1191 4101 1223 4151 in
1235 4143 1248 4169 x

145 4165 289 4222 moenibus
309 4185 382 4235 esse,
401 4168 448 4223 sed
473 4171 540 4226 loris
563 4171 652 4225 adhuc
668 4184 835 4242 oppugnare,
852 4166 1017 4234 arbitratus,
1041 4185 1102 4222 eum
1118 4169 1222 4239 paucis,

655 4403 671 4443 s
