3000 4742
289 902 511 986 mcom
556 902 838 1015 porram
869 905 1247 987 ratertmo.

286 1553 316 1611 ui
337 1547 376 1611 de
392 1549 516 1612 Graecis
532 1550 565 1611 in
583 1549 728 1611 Latinum
748 1561 926 1612 convertere
943 1550 1181 1636 aggrediuntur,
1210 1562 1243 1612 et
1259 1550 1316 1612 bo·

231 1671 288 1713 nos
313 1653 474 1732 scriptores
502 1648 597 1711 veluti
622 1649 764 1710 mortales
794 1654 990 1733 peregrinos,
1039 1663 1131 1734 atque
1155 1650 1195 1711 ab
1212 1653 1319 1711 exteris

233 1749 406 1832 regionibus
423 1748 462 1808 ad
480 1769 513 1808 se
528 1749 730 1828 ventitantes,
760 1748 892 1830 hospitio
914 1750 1088 1810 humaniter
1122 1771 1157 1811 ac
1190 1750 1320 1832 benigne

231 1853 401 1931 occipiunt,
438 1867 549 1928 eosque
566 1848 682 1927 patriae
704 1868 777 1906 suae
796 1848 950 1929 linguam,
978 1870 1101 1928 mores,
1130 1861 1162 1910 et
1183 1852 1321 1910 instituta

231 1948 341 2009 docere
362 1955 531 2024 conantur,
559 1964 621 2026 quo
644 1944 768 2025 (contra
790 1966 882 2027 quam
906 1945 980 2006 olim
1006 1946 1088 2007 civili
1113 1948 1323 2008 Romanorum

232 2048 300 2107 iure
327 2043 586 2128 permittebatur,
620 2063 677 2126 per
706 2044 789 2126 quod
814 2044 944 2104 duarum
968 2046 1127 2105 civitamm
1156 2048 1231 2107 ciris
1259 2066 1324 2107 esse

232 2166 324 2207 nemo
344 2147 482 2227 poterat)
511 2145 544 2204 in
566 2155 722 2226 posterum
739 2165 801 2204 non
821 2147 922 2207 minus
945 2146 1026 2206 inter
1048 2147 1193 2224 Latinos,
1230 2166 1324 2227 quam

231 2246 313 2309 inter
336 2246 467 2306 Graecos
487 2244 622 2327 profiteri
641 2254 776 2325 queant,
808 2265 867 2304 nae
886 2244 930 2305 illi
946 2266 1057 2306 munus
1077 2266 1150 2307 sane
1166 2244 1322 2327 pulcmm,

232 2344 393 2424 utilitatis,
423 2344 677 2425 iucunditatisque
706 2341 851 2426 plenum:
895 2344 975 2405 eddo
1001 2347 1113 2423 edam,
1144 2347 1202 2405 nisi
1226 2347 1260 2404 in
1287 2364 1324 2406 eo

234 2446 477 2505 exercitationem
501 2445 562 2504 iem
593 2444 747 2525 ceperint,
784 2443 963 2526 impeditum
999 2456 1034 2505 ac
1059 2443 1246 2505 laboriosnm
1271 2464 1325 2525 ag·

232 2545 424 2626 grediuntur.
466 2543 549 2622 Quid
574 2545 678 2622 enim,
698 2543 830 2624 amabo,
852 2566 922 2605 curn
945 2546 1089 2607 universo
1112 2564 1222 2628 genere
1243 2542 1326 2604 litte-

233 2664 359 2723 rarum,
379 2654 448 2705 tum
461 2642 580 2705 duabus
598 2643 681 2704 hisoe
699 2642 829 2727 linguis,
852 2647 968 2707 Graeca
998 2644 1112 2706 scilicet
1142 2666 1177 2704 ac
1200 2644 1323 2721 Latina,

233 2745 345 2827 quibus
368 2745 511 2823 divinae,
538 2744 749 2827 humanaeque
766 2756 865 2825 artes,
895 2756 926 2807 et
947 2746 1089 2808 scientiae
1106 2766 1211 2812 omnes
1227 2745 1327 2805 conti·

234 2855 364 2924 nentur,
401 2843 608 2927 praeclarius?
657 2844 732 2927 quid
754 2844 943 2928 elegantius?
979 2866 1110 2929 quarum
1141 2846 1174 2904 in
1196 2854 1327 2925 utraque

217 2956 416 3025 remeatur,
449 2946 502 3027 qui
523 2944 562 3005 de
582 2943 677 3005 altera
697 2947 730 3005 in
755 2942 882 3006 altereim
905 2946 986 3006 bona
1012 2947 1124 3027 scripta
1148 2944 1324 3022 transferre,

236 3055 267 3104 et
290 3043 328 3105 de
355 3043 564 3105 doctrinarum
586 3044 774 3124 candidatis,
809 3066 924 3129 perque
944 3043 1013 3106 illos
1032 3043 1071 3105 de
1095 3044 1253 3109 hominum
1273 3061 1326 3123 ge-

236 3162 310 3204 nere
335 3164 428 3227 quam
454 3146 568 3226 optime
585 3148 695 3206 mereri
712 3145 927 3228 (quod‘ipsum
948 3157 994 3207 est
1012 3146 1150 3227 inprimis
1166 3140 1326 3221 laudabile)

238 3246 429 3315 annitumur.
478 3246 609 3306 Etcum
633 3250 798 3308 etiamnum
816 3247 900 3307 baud
919 3269 1016 3330 pauca
1039 3249 1072 3312 in
1094 3247 1217 3307 Graecis
1242 3241 1327 3301 codi-

239 3345 347 3422 cibus,
374 3366 430 3428 per
447 3343 626 3407 illustriores
641 3349 884 3430 praepotentium
911 3370 946 3408 ac
979 3349 1152 3430 principum
1174 3346 1326 3421 virorum,

240 3454 271 3504 et
297 3443 592 3525 rerumpublicarum
624 3445 823 3507 bibliothecas
855 3445 959 3506 abdita
994 3456 1025 3506 et
1060 3443 1176 3505 incluse
1200 3441 1326 3519 lateant,

240 3545 351 3626 quibus
373 3546 406 3604 in
434 3555 572 3625 apertum
596 3547 725 3627 proditis
750 3568 902 3624 crescere,
938 3568 973 3607 ec
999 3546 1160 3627 propagari
1180 3544 1274 3625 possit
1295 3544 1328 3600 in

241 3664 363 3705 omnem
380 3657 499 3727 partem
520 3657 625 3707 nostra
649 3648 800 3729 eruditio,
838 3669 944 3711 eorum
961 3646 1079 3721 studia,
1109 3645 1162 3725 qui
1189 3642 1221 3705 id
1240 3662 1329 3724 prae-

241 3756 344 3823 etant,
365 3745 497 3807 fructum
519 3746 598 3807 serre
612 3769 812 3831 permagnum
831 3750 899 3831 quis
913 3746 1117 3807 inficiabitur?
1156 3742 1216 3804 Sed
1231 3762 1328 3824 quan-

242 3866 335 3926 quam
360 3843 448 3905 labor
476 3848 503 3906 ie
526 3845 625 3915 adhue
648 3847 819 3925 tironibus,
856 3865 1083 3928 paucorumque
1110 3843 1330 3925 stipendiorum

243 3943 391 4005 militibus
423 3946 579 4026 operosior
602 3946 730 4010 eociditr
771 3956 933 4029 propterea
958 3943 1041 4027 quod
1070 3941 1220 4026 permulta
1254 3943 1360 4004 vitiox

245 4056 275 4105 et
292 4053 415 4125 peccata
433 4042 619 4121 occuram,
648 4067 727 4127 quae
753 4048 851 4106 vitare
874 4043 996 4106 difficile
1019 4055 1063 4105 est
1088 4044 1182 4126 (cuius
1205 4044 1247 4102 rei
1266 4062 1330 4105 non

245 4143 312 4215 lere
334 4154 564 4229 arginusam,
585 4144 759 4234 quodcum
780 4149 958 4234 interpretes
972 4166 1068 4231 paene
1086 4139 1330 4219 inumerabiles,
