3000 4742
270 219 360 337 496
670 240 950 312 mariannan

129 409 363 481 acstssouta
379 400 460 492 πρός
474 402 533 489 τήν
550 391 686 486 ἑσπέραν
690 450 702 483 ,
729 400 902 473 ,ἐλπίσαντα
921 391 1131 485 Ἀκαρνανίαν
1146 394 1354 481 dammim

272 499 387 593 ἑαυτῷ.
426 504 556 569 τοιαῦτα
582 501 617 565 δὲ
632 498 847 586 βουλευομένῳ
879 499 935 562 καί
955 496 1139 580 συμμαχίαν
1157 491 1260 561 ἐδόκει
1281 498 1355 561 δεῖν

272 605 307 682 ἐξ
325 598 445 677 Ἰανίας
459 602 719 683 μεταπέμπεσθαι
733 594 899 683 Περσικήν
926 600 1016 663 ἕνεκα
1029 600 1094 664 ταῖν
1115 596 1277 678 Ἀλβανῶν
1292 618 1356 659 πε-

178 698 347 787 Μωζῆν.
387 692 444 783 ’όρη
465 695 526 784 γὰρ
550 696 753 781 δυσπρόσοδα
771 694 936 778 νεμόμενοι
953 693 1008 759 καί
1025 694 1148 780 μεγάλα
1167 692 1222 758 καί
1232 692 1354 770 πολλός

270 800 383 885 ἔχοντα
399 778 564 884 ἀποφυγὰς
581 794 636 860 καί
649 792 852 876 καταδύσεις,
876 787 914 859 ού
932 792 1049 884 ῥᾳδίως
1068 792 1130 861 aiud
1150 795 1213 860 τοόν
1227 791 1376 863 ίππέωνῖν
1483 758 1484 825 λ

270 898 469 986 βλάπτεσθαι
486 895 653 977 ἐδύναντο,
682 892 737 958 καί
750 890 891 977 μάλιστα
913 897 948 960 ἐν
962 893 1053 982 θέρει
1068 895 1114 970 τίς
1129 891 1169 958 τό
1192 891 1356 978 ἀκρότατα

271 985 421 1072 ἀνιόντες
435 998 499 1060 ταῖν
521 990 621 1081 όρῶν,
659 985 737 1057 ὅπου
768 990 822 1056 καί
841 996 944 1074 πεζοῖς
966 985 1194 1073 ἀντιτάξασθαι
1220 992 1278 1057 οὐκ
1298 988 1356 1057 εὖ·

267 1100 363 1186 χερὲς
393 1093 447 1160 διό
479 1092 537 1180 τὴν
565 1088 740 1179 ὀχυρότητα
772 1095 833 1158 τού
859 1094 957 1159 τόπου
983 1090 1039 1158 καί
1055 1090 1092 1157 τό
1111 1091 1191 1178 ύπὲρ
1214 1092 1356 1180 κεφαλῆς

270 1194 349 1273 τούς
368 1193 510 1272 ἐπιόντας
528 1190 602 1269 τούς
620 1192 838 1276 ἀμυνομένους
862 1193 1005 1278 βάλλειν.
1044 1196 1099 1258 καί
1120 1195 1250 1274 πέμψας
1272 1189 1357 1277 πρός

266 1291 410 1380 Ἆμούρ,
433 1294 537 1382 ᾐτεῖτο
554 1291 740 1376 συμμαχίαν
757 1293 864 1378 πεζήν.
904 1288 972 1357 ὅδὲ
991 1284 1125 1375 ἄσμενός
1141 1316 1177 1358 τε
1199 1294 1398 1377 προσεδέ-ιο
1483 1316 1484 1327 ’

272 1399 347 1476 ξατο
360 1390 419 1479 τόν
434 1391 602 1479 πρεσβείαν
618 1394 782 1475 βασιλέως,
810 1384 864 1480 (ἦν
875 1391 936 1477 peip
958 1384 1042 1476 ἀναν
1059 1396 1134 1478 περί
1150 1391 1297 1457 πλειστου
1314 1390 1358 1456 τό

272 1492 354 1560 κατδ
368 1488 493 1578 γνώμην
505 1517 537 1556 τι
551 1491 706 1575 βασιλέως
726 1491 871 1579 πράττειν
879 1495 904 1580 ,)
939 1489 994 1556 καί
1007 1488 1064 1576 τὴν
1083 1488 1232 1577 στρατιὰν
1253 1485 1360 1567 εύθύς

272 1588 410 1675 ἔπεμπεν
425 1593 471 1667 εἰς
488 1591 734 1676 Θεσσαλονικην.
775 1589 845 1657 ἐπεὶ
864 1594 900 1657 δὲ
922 1592 978 1656 καί
994 1589 1013 1654 ό
1031 1587 1180 1672 βασιλεύς
1192 1587 1248 1675 τὴν
1268 1589 1361 1656 ‘Poo-

242 1695 378 1776 Βμαίοον
392 1683 478 1774 ἀναν
496 1687 648 1776 στρατιὰν
664 1691 796 1778 ἀφίκετο
814 1693 887 1773 ἐκεῖ,
918 1693 973 1756 καί
993 1687 1050 1777 τὴν
1063 1687 1225 1776 Περσικὴν
1246 1714 1358 1773 παρα-
1483 1672 1484 1755 λ

128 1809 199 1867 Μ’,
209 1789 382 1876 ι336λαβιύν
398 1787 451 1856 διό
470 1788 639 1867 Θετταλίας
652 1791 707 1857 ἐπί
726 1787 901 1875 Ἀλβανούς
918 1788 1047 1877 ἐχώρει.
1086 1792 1252 1876 καὶμέχρι
1269 1783 1400 1858 ’Baeti
1483 1832 1484 1877 4

274 1888 395 1974 deiparae
421 1883 502 1977 ἦλθε
522 1889 707 1975 ιληϊζόμενος
727 1885 860 1967 αύτούς.
903 1887 1124 1978 διεφθόρησόν
1146 1891 1230 1968 τιέξ
1250 1888 1361 1954 asir&
1483 1922 1484 1929 ε

272 1987 399 2057 πολλοί.
438 1987 612 2070 πυθόμενοι
630 1988 689 2076 γὰρ
713 1988 771 2076 τὴν
793 1994 948 2076 βασιλέως
963 1987 1079 2077 ἔφοδον
1103 1987 1159 2054 καί
1173 1991 1361 2070 νομισαντες
1483 1982 1484 2035 l

273 2088 372 2174 μόνην
391 2090 427 2154 όν
437 2084 601 2171 Ῥωμαίων
614 2085 743 2174 ἱππικὴν
758 2084 840 2155 εἶναι
857 2087 1018 2177 στρατιὰν,
1034 2086 1112 2175 πρός
1134 2085 1175 2153 τό
1191 2080 1247 2173 ’όρη
1263 2089 1364 2152 κατό-

275 2211 376 2275 φυνον
390 2185 447 2253 καί
458 2186 517 2264 τάς
534 2188 725 2275 δυσχωρίας,
746 2186 883 2273 οἰόμενοι
902 2187 1129 2276 διαφεύξεσθαι
1141 2186 1196 2253 τόν
1212 2179 1362 2273 όλεθρον.

274 2285 457 2365 ἐπελθόντες
476 2291 512 2353 δὲ
532 2283 562 2352 οἱ
582 2289 712 2374 Πέρσαι
730 2288 826 2372 ψιλοί
839 2312 872 2356 τε
888 2281 972 2365 όντες
992 2285 1053 2354 καί,
1065 2284 1205 2370 τοξόται,
1232 2281 1280 2364 οἷς
1292 2283 1400 2368 μα’-αα
1483 2348 1484 2363 ,

178 2382 369 2467 dadanum?
381 2389 447 2452 tora
465 2383 559 2475 ῥᾳδία
574 2385 595 2472 ἦ
612 2386 692 2473 πρός
707 2387 766 2465 τὰς
783 2389 965 2473 δυσχωρίας
979 2386 1078 2472 μα’χη,
1100 2384 1198 2474 ῥᾷστά
1212 2409 1245 2451 τε
1261 2384 1363 2470 ἐτρό-
1483 2388 1484 2399 ’

273 2507 373 2570 τησαν
390 2482 497 2549 αότάν
521 2482 560 2548 ού
584 2485 683 2566 μόνον
706 2483 760 2550 διὰ
775 2484 811 2552 τό
839 2482 978 2560 ἀόπλους
995 2477 1088 2562 όντας
1102 2482 1265 2571 πόῤῥαθεν
1278 2489 1364 2567 βαλ-

274 2586 426 2666 λομένους
447 2579 582 2665 πίπτειν,
602 2583 683 2648 ἀλλά
703 2587 759 2651 καί
779 2583 833 2651 διὰ
851 2583 888 2650 τό
908 2576 1006 2669 ἄηθες
1025 2585 1276 2668 καταπλαγέντας
1294 2584 1363 2647 τῶν
1393 2616 1399 2637 ·

348 2751 370 2791 t·
406 2732 562 2791 ἐλπίσαντα
581 2743 655 2791 reete
670 2735 713 2792 ed.
733 2736 766 2792 V.
784 2754 834 2809 pro
853 2736 985 2797 ἔλπίσαν.

276 2888 388 2944 εφαινον
403 2891 432 2928 se
443 2873 620 2928 Acarnaniam
633 2874 667 2929 ad
690 2874 772 2928 fldem
790 2883 819 2928 et
829 2874 974 2945 imperinm
989 2890 1066 2928 snum
1080 2873 1261 2928 reducturum.
1282 2871 1361 2926 llaec

276 2961 369 2998 secum
383 2944 528 3000 meditanti
540 2948 623 2999 etlam
639 2947 773 2999 auxilium
791 2946 943 3011 Persicum,
961 2953 990 2999 et
1011 2945 1137 3016 pedestre
1155 2944 1266 3016 quidem
1291 2961 1362 3015 pro-

274 3024 337 3102 pter
355 3016 492 3080 Albanos,
517 3034 552 3069 ex
574 3018 652 3069 Ionia
670 3018 758 3069 visum
778 3025 819 3069 est
842 3017 1041 3072 accersendum.
1077 3015 1144 3068 Nam
1188 3016 1232 3067 uia
1248 3024 1360 3067 montes

275 3086 437 3139 incolebant
450 3104 559 3158 magnos
575 3104 738 3159 accessuque
752 3086 896 3152 difficiles,
914 3089 943 3139 in
960 3087 1059 3158 quibus
1073 3089 1158 3139 multa
1168 3035 1291 3139 latibula
1311 3093 1359 3137 at-

276 3172 332 3241 φοι
350 3158 484 3277 perfugia,
503 3157 577 3210 haud
593 3158 675 3211 facile
690 3157 725 3210 ab
744 3158 884 3230 equitibus
897 3156 1095 3222 laedebantur,
1113 3156 1221 3210 aestivis
1236 3172 1361 3227 praeter·

275 3233 328 3278 tam
345 3229 433 3279 mensi
455 3246 500 3291 ns,
519 3246 578 3280 eum
592 3231 655 3300 iuga
669 3245 774 3281 summa
793 3228 1020 3293 conscenderent,
1039 3230 1087 3282 ubi
1107 3228 1152 3280 vel
1165 3228 1302 3296 peditatus
1319 3225 1360 3278 ob

276 3295 332 3347 loci
345 3297 438 3348 nativa
455 3298 638 3363 munimenta,
657 3309 685 3367 pt
703 3298 779 3371 quod
793 3299 969 3352 subeuntium
987 3299 1076 3370 capita
1096 3299 1165 3350 saxis
1184 3315 1200 3351 e
1216 3299 1360 3367 superiore

276 3365 338 3418 loco
351 3383 367 3416 a
382 3384 469 3437 propu
507 3369 629 3422 atoribus
637 3378 780 3441 petuntur,
797 3387 853 3422 non
867 3368 1007 3422 commode
1021 3386 1139 3440 pugnare
1148 3376 1247 3440 potest
1266 3368 1360 3438 Quare

275 3435 419 3489 Amanium
433 3455 467 3506 pe
488 3448 559 3493 estre
573 3441 725 3494 subsidium
739 3449 824 3511 rogat.
843 3442 868 3491 ls
880 3441 998 3510 legatum
1013 3441 1091 3493 audit
1104 3439 1260 3491 humaniter
1269 3437 1361 3559 Suilli!

276 3505 414 3579 siquidem
431 3509 458 3559 ei
473 3508 640 3579 optabilius,
667 3529 749 3583 quam
768 3514 926 3581 imperatori
944 3520 1048 3581 gratum
1066 3509 1167 3581 facere)
1193 3517 1221 3567 et
1241 3510 1277 3560 m'
1291 3511 1360 3560 item

276 3578 402 3648 protinus
425 3577 647 3634 Thessalonicam
667 3584 763 3636 mittit.
807 3583 951 3652 Postquam
971 3590 1000 3634 et
1020 3583 1079 3651 ipse
1094 3581 1240 3650 imperator
1259 3580 1360 3631 ltoma-

251 3666 256 3670 ·
276 3665 327 3703 nos
346 3648 446 3702 ducens
465 3666 497 3704 eo
515 3654 600 3715 venit,
617 3653 724 3705 Persico
743 3652 932 3724 supplemento
951 3661 1104 3722 assumpto,
1122 3669 1171 3721 per
1188 3649 1360 3703 Thessaliam

277 3726 372 3771 eontra
388 3720 508 3774 Albanos
527 3723 670 3775 contendit
698 3740 799 3793 eosque
823 3724 942 3776 vicissim
968 3722 1159 3844 depppulando
1177 3720 1360 3790 Epidamnum

276 3792 408 3858 accessit3
425 3808 476 3844 nec
492 3792 573 3861 pauci
591 3810 625 3845 ex
643 3794 683 3845 eis
703 3794 861 3863 interempti
879 3801 949 3845 sunt.
986 3794 1026 3844 Au
1049 3794 1087 3846 ito
1102 3794 1174 3845 enlm
1186 3790 1359 3862 imperatoris

276 3857 413 3925 adventa,
440 3864 492 3915 rati
510 3863 699 3917 tantummodo
718 3866 868 3935 equitatum
887 3864 1035 3917 Romanum
1052 3880 1127 3927 ease,
1153 3860 1187 3914 ad
1205 3867 1309 3915 montes
1327 3866 1360 3912 et

275 3928 337 3980 loca
357 3930 490 4000 impedita
517 3936 710 4006 confugerunt,
736 3935 786 3988 nbi
808 3952 838 3989 se
853 3934 888 3986 ab
907 3937 1001 4006 exitio¹
1011 3943 1085 3987 tutos
1103 3934 1162 3986 lore
1176 3930 1361 3988 confidebant.

275 3998 379 4056 Verum
389 4018 419 4052 su
441 4005 610 4059 ervenientes
624 4009 719 4059 Persae
736 4004 805 4060 levis
820 4013 969 4062 armaturae
985 4014 1015 4059 et
1031 4005 1173 4074 sagittarii,
1211 4002 1291 4055 uibus
1304 4018 1362 4070 pu-

276 4085 360 4139 gnare
373 4071 403 4122 in
421 4018 488 4125 bocia
505 4075 587 4129 inviis
603 4076 836 4147 promptissimum
846 4084 903 4142 est,
916 4077 997 4129 nullo
1011 4093 1059 4130 eos
1072 4075 1180 4145 negotio
1190 4021 1360 4127 devicerunt.-

276 4156 334 4229 που
346 4140 435 4197 solnm
451 4145 713 4215 qaodcuntnennes
723 4155 824 4214 essent,
841 4148 937 4218 procul
949 4147 998 4204 icti
1007 4146 1201 4204 concidebant:
1218 4140 1361 4198 sedetiam
