3000 4742
271 227 352 333 146
666 251 947 357 συντάσσεται

119 399 346 494 maturitas
368 405 620 495 διαπραξάμενος
638 407 719 489 serr,
745 408 947 487 ἐπανέζευξεν
970 407 1016 483 ελς
1037 408 1272 494 Χαριοάπολιν,
1290 413 1345 475 καὶ

263 506 387 572 διέλυσε
403 505 461 593 τήν
476 502 627 593 στρατιάν
648 503 729 590 πλήν
739 509 869 589 χιλάην,
894 506 952 582 οδς
968 500 1117 585 ἐπέταξεν
1134 501 1222 595 αὐτῷ
1240 508 1346 573 συνεῖ-

260 630 323 689 ναι,
351 606 385 671 ἐν
402 604 536 691 ἡμέραις
560 601 670 689 ῥηταῖς
689 602 839 685 κελεάοας
858 602 954 670 πάλιν
976 602 1130 690 ἀκλήτους
1148 603 1227 691 πρὸς
1243 604 1345 672 αάτάν

260 706 451 769 ἐπανελθεῖν.
474 698 490 767 ὁ
504 704 613 784 μέντοι
630 704 694 768 τάν
715 700 796 767 κατά
816 700 875 787 τήν
891 702 1051 787 Ῥοδόπην
1067 705 1229 788 ἐπαρχιῶν
1246 728 1343 790 στρα-

258 798 348 886 τηγὸς
369 800 588 884 Παλαιολόγος
607 799 637 864 ά.
644 802 742 886 μέγας
767 800 1047 887 στρατοπεδάρχης
1068 800 1140 878 τάς
1167 796 1225 866 ὕπ’
1244 799 1363 868 αάτὸν5

259 899 365 976 πάσας
378 898 485 975 πόλεις
507 902 562 965 καί
576 898 633 983 τήν
648 896 818 986 στρατιάν,
840 892 942 986 ὥσπερ
965 897 1095 986 ἔφημεν,
1116 893 1178 964 άπὸ
1195 901 1253 965 τοῦ
1270 901 1342 986 νέου

145 1018 151 1029 “
230 1002 416 1083 susorum
447 996 527 1084 πρὸς
557 996 614 1064 τάν
644 996 860 1085 πρεσβύτερον
897 992 1094 1082 ἀποστήσας,
1122 988 1251 1065 πάντων
1282 1001 1343 1081 μὲν

257 1096 371 1180 ἴσχυσε
389 1098 445 1162 κατ’
464 1094 522 1173 τάς
544 1096 669 1181 γνοάμας
691 1093 958 1183 παραστήσασθαι
988 1097 1043 1161 καί
1070 1098 1113 1187 τῷ
1138 1096 1341 1186 πρεσβυτέρῳ

237 1200 386 1279 ,βασιλεῖ
400 1203 508 1261 πεῖσαι
525 1201 701 1282 προσέχειν·
721 1198 776 1261 ἕνα
795 1198 831 1260 δὲ
846 1197 909 1261 τῶν
924 1194 987 1261 sind
1008 1199 1067 1260 rosi
1075 1198 1215 1263 Δακικοῦ
1231 1198 1340 1279 γένους

255 1292 380 1376 νομάδα
395 1290 822 1379 Συρμπάνονιάνομασμένον
840 1296 904 1361 τάν
917 1284 1018 1361 άντων
1035 1296 1259 1381 ἀποστερήσας,
1289 1291 1380 1363 desso

255 1396 299 1480 τῷ
313 1396 371 1483 νέιρ
387 1396 567 1478 προσέκειτο
584 1398 723 1479 βασιλεῖ,
744 1398 878 1472 πολλαῖς
896 1418 930 1460 τε
948 1393 1064 1472 αἰκίαις
1085 1393 1264 1477 ὑποβαλών,
1280 1393 1340 1458 dria

254 1516 285 1558 τε
303 1494 367 1557 τῶν
389 1489 524 1556 ὀδόντων
540 1489 712 1577 ἐκριζάσας
731 1495 786 1558 καί
806 1491 862 1577 τήν
881 1490 1015 1579 παρειάν
1032 1491 1231 1568 κατακαύσας
1248 1493 1339 1578 σιδή-

156 1590 159 1597 “
255 1614 319 1679 ρῳ,
339 1589 384 1666 uic
399 1589 455 1654 οάκ
470 1588 602 1673 ἴσχυσεν
620 1586 799 1675 άποστήσαι
815 1594 872 1656 τοῦ
888 1595 960 1657 νέου
975 1592 1149 1676 βασιλέως,
1170 1592 1339 1676 καθείρξας

253 1682 337 1771 εἶχεν
358 1685 420 1754 sind
438 1695 564 1767 κλοιοῖς.
598 1680 691 1766 οὗτος
716 1687 755 1774 δή
779 1692 837 1755 τοῦ
859 1690 1076 1776 δεσμωτηρίου
1101 1690 1170 1755 τότε
1193 1689 1337 1778 διαδράς,

252 1789 309 1852 κατ’
328 1787 462 1864 πολλοδς
479 1783 609 1874 ἐτέρους
630 1786 950 1883 προσεταιρισάμενος
964 1788 1106 1870 νομάδας
1123 1785 1255 1872 ψιλοδς,
1283 1787 1338 1852 κατ’
1342 1796 1377 1857 15
1393 1786 1396 1791 ¹

250 1887 292 1973 τῇ
309 1883 396 1972 παρά
411 1889 470 1952 τοῦ
492 1887 565 1951 νέου
581 1889 737 1968 βασιλέως
761 1889 916 1952 ἐνταυθοῖ
925 1889 1107 1975 πεμφθειση
1130 1891 1173 1977 τῷ
1189 1893 1335 1951 fleturu-

224 1981 336 2075 Cio'yp
355 1991 504 2067 πολεμεῖν
527 1986 687 2068 συμμίξας
703 1989 837 2075 στρατιᾷ
841 2037 852 2068 ,
882 1984 1010 2051 ἐπέθετο
1026 1995 1092 2062 τοῖς
1114 1988 1148 2052 ἐν
1167 1989 1207 2072 τῇ
1223 1982 1335 2050 Ῥοδό-

248 2110 304 2171 πη.
332 2081 467 2169 δρῶντος
490 2086 526 2148 δέ
544 2079 574 2149 οἱ
595 2086 629 2150 ἐν
651 2094 723 2161 ταῖς
738 2084 850 2150 πόλεσι
866 2086 940 2167 serie
956 2109 988 2150 τε
1007 2079 1139 2171 άγράτας
1155 2087 1335 2166 ἐκπολεμω-

246 2184 362 2258 &snae
378 2183 484 2259 αάτοϊς
498 2181 582 2265 δμοῧ
596 2186 717 2259 πάντας
735 2181 792 2248 κατ’
806 2180 862 2269 τήν
881 2182 1032 2270 στρατιάν
1052 2186 1259 2269 ἐπικειμένην,
1280 2185 1335 2247 καὶ

247 2279 471 2368 δεέοαντεςμή
490 2282 546 2348 κατ’
566 2284 628 2349 τοῖν
645 2280 735 2348 ἔνδον
753 2280 935 2347 άπόλωνται
957 2282 1212 2363 στασιασάντων,
1231 2308 1378 2365 μετα-αα

246 2377 395 2461 βαλόντες
417 2382 607 2465 προσέθεντο
629 2384 672 2471 τῷ
688 2384 746 2471 νέην
766 2386 899 2464 βασιλεῖ.
921 2385 977 2447 καά
991 2384 1143 2468 δήσαντες
1161 2380 1215 2447 τὸν
1231 2407 1330 2467 στρα-

246 2475 339 2562 τηγὸν
361 2473 447 2562 εἶχον
463 2481 498 2544 ἐν
519 2483 664 2568 φρουρᾷ,
687 2471 782 2565 άχρις
798 2473 868 2543 άνά
888 2478 1038 2562 βασιλεὺς
1057 2479 1234 2561 πυθόμενος
1257 2486 1331 2566 περὶ

246 2576 352 2641 adrat
365 2580 476 2663 ψήφου
493 2579 609 2666 ἐνέγκῃ.
638 2572 733 2641 advos*
750 2580 785 2642 δ’
802 2571 870 2660 ἅμα
884 2576 1065 2666 Συρμπάνιρ
1087 2571 1163 2662 ἧκον
1176 2578 1219 2658 ὥς
1237 2583 1330 2662 βασι-

246 2673 321 2759 λέα,
350 2674 459 2759 οἱμὲν
484 2674 719 2763 ἀποληψόμενοι
739 2674 817 2764 γέρα
840 2678 896 2761 τῆς
914 2677 960 2754 εἰς
979 2673 1077 2741 αάτὸν
1098 2678 1230 2752 ἐννοίας·
1259 2673 1329 2744 ὅσοι

244 2828 286 2883 vit
304 2829 514 2901 missionemque
531 2828 609 2883 dedit
629 2815 783 2892 exercitui,
810 2829 887 2881 milic
905 2826 978 2898 apud
992 2791 1170 2884 sententis:
1196 2830 1327 2883 mandans

244 2902 286 2952 uti
313 2903 463 2970 praefinitis
490 2900 602 2961 diebus,
628 2914 716 2972 ‘quum
739 2916 799 2950 uam
827 2917 883 2951 non
909 2901 1048 2963 arcessiti,
1074 2918 1166 2951 rursus
1191 2899 1325 2954 adessent.

243 2967 344 3024 Vensm
360 2990 472 3040 magnus
487 2969 706 3040 stratopedarcha
748 2969 912 3038 alaeoiogus‚
930 2967 1074 3038 Rhodopes
1092 2969 1325 3040 praefecturarum

244 3037 318 3105 dux,
339 3042 455 3094 creditus
475 3042 529 3093 sibi
547 3041 627 3093 urbes
643 3057 736 3092 omnes
754 3040 973 3110 exercitumque,
1001 3048 1032 3092 ut
1051 3058 1132 3109 supra
1151 3040 1321 3093 demonstra-

242 3111 350 3174 vimus,
368 3130 383 3163 a
399 3113 508 3163 iuniore
521 3111 557 3163 ad
575 3112 710 3164 seniorem
726 3112 918 3179 imperatorem
931 3116 1053 3162 avertere
1076 3117 1103 3162 et
1115 3109 1150 3162 sd
1172 3109 1253 3163 huius
1271 3111 1322 3163 ob·

243 3181 369 3247 sequium
394 3182 526 3233 inclinare
554 3181 664 3249 potuit:
698 3196 784 3231 unum
810 3188 901 3231 autem
926 3180 1064 3248 quendam
1087 3196 1186 3249 genere
1211 3183 1324 3245 Ducum,

241 3249 411 3317 pecuarium,
430 3250 606 3319 Syrmpauum
618 3252 737 3313 nomine,
753 3251 868 3302 fortunis
888 3257 1014 3307 exutum,
1038 3250 1113 3319 quod
1133 3253 1228 3319 nepoti
1248 3253 1324 3303 save-

242 3325 299 3379 ret,
325 3327 470 3388 postquam
489 3335 570 3389 saepe
594 3320 672 3371 iilum
701 3320 835 3372 fustuario
857 3320 1000 3383 multavit,
1026 3320 1095 3372 duos
1119 3322 1199 3371 etiam
1226 3321 1322 3374 dentes

242 3386 373 3440 radicitus
391 3389 509 3440 excussit
522 3389 712 3460 maxillamque
726 3391 797 3442 ferro
812 3389 938 3442 candenti
961 3387 1123 3442 inurendam
1137 3393 1249 3455 curarit,
1272 3403 1326 3444 uec=

244 3473 306 3508 eum
322 3465 439 3509 murena
454 3458 508 3509 fide
524 3467 703 3512 transversum
725 3478 740 3511 a
759 3476 803 3511 ere
828 3460 932 3521 valuit,
956 3474 1017 3510 cum
1036 3460 1150 3512 manicis
1176 3462 1206 3513 in
1230 3470 1326 3514 custo-

242 3524 315 3579 diam
334 3527 417 3580 dedit
454 3527 521 3580 Inde
538 3546 598 3580 cum
620 3530 730 3600 aliquan
751 3546 768 3581 o
783 3531 921 3598 effugisset
938 3529 1061 3600 aliosque
1085 3540 1222 3598 pastores,
1241 3532 1322 3583 armis

241 3596 408 3649 militaribus
426 3596 530 3660 nudos,
548 3616 644 3668 magno
660 3598 714 3649 sibi
733 3615 848 3651 numero
861 3599 1025 3665 ascivisset,
1036 3606 1065 3652 et
1079 3601 1164 3669 copiis
1180 3600 1214 3653 ad
1227 3602 1321 3653 Palae·

241 3667 350 3736 ologum
367 3668 595 3721 co'ercendumeo
619 3669 708 3719 missis
731 3684 760 3721 se
786 3670 993 3733 immiscuisset,
1011 3671 1040 3722 iu
1061 3668 1233 3740 Rhodopeius
1250 3672 1322 3723 fere·

241 3734 330 3790 batur.
358 3737 414 3808 Qui
433 3747 510 3821 eraut
525 3739 553 3789 iu
573 3737 691 3806 oppidis,
709 3746 851 3790 cernentes
869 3748 987 3822 agrestes
1009 3741 1149 3793 universos
1173 3750 1267 3793 contra
1290 3757 1320 3793 sc

241 3808 409 3877 conspiratos
426 3815 455 3859 et
467 3815 614 3861 metantem
627 3809 800 3876 imperatoris
810 3819 975 3873 exercitum,
992 3814 1177 3882 timentesque
1190 3829 1225 3863 ne
1244 3813 1320 3863 inte-

241 3877 313 3929 stina
336 3876 473 3930 seditione
492 3878 609 3930 excitata
629 3893 737 3947 pessum
759 3878 850 3941 irent,
872 3888 1035 3932 commutata
1053 3883 1189 3933 sententis
1207 3880 1322 3933 adeum

241 3962 271 3998 se
305 3949 481 4017 coutulerunt
498 3950 674 4018 vinctumque
699 3947 794 3999 ducem
821 3949 852 4000 iu
873 3950 996 4002 custodia
1018 3949 1124 4002 mmdiu
1154 3949 1319 4014 hahuerunt,

240 4016 341 4086 quoad,
356 4034 385 4070 re
401 4018 549 4080 intellectu,
558 4016 707 4088 imperator
720 4016 755 4070 de
766 4026 909 4072 eocertum
923 4028 1067 4074 statueret:
1088 4021 1141 4090 ipsi
1159 4021 1319 4088 cumSer·

239 4103 312 4155 pano
325 4086 458 4146 edilium
475 4088 591 4158 proiecti
607 4096 688 4155 sunt,
704 4105 767 4159 pars
785 4097 817 4142 nt
836 4092 984 4160 praestitae
1006 4089 1216 4143 benevolentiae
1237 4107 1317 4161 prac-

239 4157 324 4212 mium
343 4152 554 4231 adipisceretur:
573 4165 709 4233 quotquot
736 4165 829 4215 sutem
854 4174 871 4213 a
891 4161 999 4217 seniore
1021 4162 1098 4234 prius
1122 4160 1260 4228 fecerant,
1285 4165 1319 4215 ut
