3000 4742
205 98 307 248 ⁸1188
620 162 899 232 σκυτισσισνι

82 319 247 414 beslii?
270 322 322 390 διά
349 323 408 408 τὴν
430 321 509 386 κατὰ
528 319 584 405 τὴν
603 319 766 405 asporatius
791 317 1004 386 κακοπάθειαν
1039 317 1146 386 λάσειν
1167 317 1225 405 τὴν
1248 342 1309 386 τιο-

227 426 367 511 λιορκίαν
390 413 411 507 ἢ
434 419 486 485 διά
506 416 541 485 τό
574 421 717 502 χειμῶνα
739 420 935 503 ἐπιγίνεσθαι
955 410 1015 506 ἤδη
1034 420 1217 509 προσδοκᾷν.
1244 419 1308 504 byei

227 521 337 590 δὲκαὶ
367 517 440 607 περί
469 516 582 582 τούτου
616 514 773 604 προδότης
795 515 967 603 γενήσομαι
991 517 1089 603 ἡμῶν
1118 516 1223 583 αὐτῶν
1251 519 1311 582 καί

227 622 358 711 μηνάσιο
379 628 491 705 προῖκα
512 609 598 681 ἅπαν
617 614 761 700 τάληθές.
780 618 881 682 καίτοι
901 640 936 699 γε
955 619 1072 682 πολλοῦ
1093 609 1133 681 ἀν
1152 617 1308 702 ἐπρίασθε

228 723 330 804 αάτοί,
350 714 388 783 εδ
409 713 501 799 οἶδα,
522 718 552 780 εἰ
571 710 594 779 ά
614 711 824 796 διανοούμεθα
843 717 918 801 περὶ
934 714 1040 798 ὑμῶν,
1061 715 1188 802 ἀληθῶς
1207 710 1336 798 lieri-5

199 843 295 900 nstro
321 821 456 901 μαθεῖν·
496 811 555 897 ἐγώ
582 816 617 880 δέ
637 813 716 895 ὑμῖν
741 812 907 878 καὶτοῦτο
925 814 1118 899 χαριοῦμαι.
1156 810 1311 897 βασιλεάς

226 913 363 1004 μὲνγὰρ
386 913 440 979 καί
458 912 549 997 ἡμεῖς
570 913 625 977 καί
643 909 680 976 τέ
703 908 781 976 πολὺ
802 913 858 997 τῆς
877 912 1026 999 στρατιάς
1046 908 1153 976 οἴκαδε
1174 905 1311 978 ἀπελευ-

226 1016 357 1099 σόμεθα,
372 1015 424 1080 ἵνα
437 1011 482 1098 μη
497 1015 565 1101 εἰκῇ
579 1013 634 1079 καί
648 1009 751 1098 μάτην
767 1013 1025 1097 κατατριβάμεθα
1040 1012 1191 1094 ἐνταῦθα,
1204 1002 1310 1086 ἄλλοις

226 1141 262 1184 τε
274 1115 402 1181 καὶτῶν
417 1114 516 1183 ἐκεῖσε
529 1112 722 1200 πραγμάτων
740 1113 917 1196 ἐπιμελείαις
931 1113 1096 1195 δεομένων,
1115 1106 1155 1196 ἢν
1168 1109 1224 1175 οάκ
1238 1106 1311 1188 ἐξὸν

226 1219 386 1282 ποιεῖσθαι
405 1211 450 1298 μὴ
465 1214 533 1278 ἐκεῖ
547 1214 786 1298 ἐπιδημοῦντας.
808 1214 962 1277 ἐνταυθοῖ
971 1212 1006 1276 δὲ
1022 1208 1102 1299 πρὸς
1113 1211 1168 1297 τὴν
1181 1214 1359 1295 πολιορ-ιο

227 1318 299 1381 κίοιν
319 1315 393 1380 δέκα
410 1313 638 1395 καταλεάνομεν
648 1309 786 1400 τριήρεις
799 1309 854 1377 καί
862 1311 1011 1398 μονήρεις
1024 1309 1123 1377 εἴκοσι
1135 1308 1191 1376 καί
1201 1306 1312 1397 ἑτέρας

226 1415 377 1498 τέτταρας
390 1410 445 1478 καί
459 1408 559 1478 εἴκοσι
578 1409 635 1486 τάς
648 1412 709 1477 τοιῖ
722 1413 873 1498 Σαρχοὶνη
887 1414 975 1494 ναῦς,
993 1408 1113 1495 μισθδν
1127 1406 1311 1497 παρασχόν-

226 1535 278 1587 τες
290 1512 495 1597 διαρκέσοντα
510 1502 588 1598 ἀχρι
600 1504 686 1597 ἦρος.
707 1508 832 1592 οΐδμάς
843 1533 877 1576 τε
889 1508 944 1576 καί
951 1508 1191 1596 Μιτυληναίους
1205 1508 1314 1594 riupo-

229 1613 294 1688 λοῖς
313 1609 572 1697 πολιορκησουσιν
591 1611 804 1696 ἐφορμοῦντες
823 1611 859 1676 ἐκ
886 1608 1068 1698 θαλάσσης,
1109 1610 1145 1675 ἐκ
1165 1609 1201 1673 δὲ
1220 1601 1315 1692 ἦπεί-
1371 1642 1373 1645 -
1480 1632 1481 1645 ¹

231 1734 291 1797 ρον
311 1713 388 1793 ὑμῖν
406 1712 465 1793 μὲν
485 1709 668 1795 ἀρκέσουσιν
687 1705 708 1792 ἦ
728 1710 789 1773 τοδ
807 1707 957 1795 Σαρχάνη
984 1711 1195 1796 παρακειμένη
1214 1711 1359 1793 arpa-15

208 1809 302 1877 Cassi·
342 1807 571 1894 Μιτυληναίοις
597 1811 632 1875 δέ
652 1807 683 1873 οἱ
706 1807 880 1892 Ῥωμαίων
898 1804 1091 1898 μισθοφόροι
1109 1805 1168 1894 τὴν
1189 1808 1235 1883 εἷς
1254 1805 1316 1892 τήν
1377 1814 1381 1823 ’

221 1912 356 1989 ’Λέσβον
376 1904 482 1986 ἔξοδον
501 1903 709 1996 ἀνείρξουσιν,
730 1902 811 1974 ὥστε
832 1906 887 1975 καί
906 1909 1107 1995 ἀμφοτέρους
1120 1900 1317 1991 ἑκατέρωθεν

234 2008 441 2096 ἀπείργεσθαι
460 2006 494 2073 ἐκ
513 2032 548 2074 τε
572 2011 630 2096 γῆς
654 2012 709 2075 καί
725 2009 882 2096 θαλάττης
900 2009 958 2074 τοῦ
974 2010 1075 2094 μηδὲν
1094 2004 1229 2093 εἰσάγειν
1250 2006 1318 2071 τῶν

145 2107 431 2194 υ,,33ἐπιτηδειἰιιν.
471 2104 540 2191 άμα
562 2110 598 2174 δὲ
616 2103 673 2197 ἦρι
691 2110 856 2200 ἀρχομένῳ
876 2106 974 2198 στόλῳ
992 2106 1116 2198 μεγάλῳ
1144 2100 1240 2183 αὖθις
1260 2107 1318 2192 ἐφ’

236 2205 322 2292 ὑμᾶς
341 2207 581 2292 πλευσούμεθα,
612 2209 738 2297 γνάμην
756 2208 880 2293 ἔχοντες
898 2212 995 2295 μέχρι
1014 2206 1131 2285 παντὸς
1151 2210 1359 2292 dromus-ao

232 2318 309 2395 ρεῖν,
330 2299 426 2391 άγρις
445 2301 484 2372 ἀν
504 2300 527 2396 ἢ
546 2312 628 2397 λιμῷ
647 2304 669 2395 ἢ
691 2305 798 2386 ὅπλοις
818 2304 1100 2395 παραστησάμενοι,
1121 2307 1318 2390 ἐξανδραπο-

234 2404 399 2487 δισάμεθα
425 2405 530 2487 ἀμάς.
570 2405 650 2493 πρὸς
668 2406 792 2484 τούτοις
811 2409 847 2474 δὲ
867 2411 923 2473 καί
941 2403 1054 2495 ἑτέροιν
1070 2407 1225 2491 βασιλέως
1245 2405 1319 2471 ἐπί-

234 2525 323 2575 νοιαν
343 2503 402 2567 οάκ
423 2503 608 2591 ἀποκρύψω.
638 2505 788 2590 βούλεται
806 2504 868 2592 γάρ
889 2512 956 2584 τοῖς
974 2506 1317 2593 συμπολιορκουμένοις

306 2640 333 2698 d
367 2638 452 2693 τοῦτο
471 2658 523 2693 eur.
540 2641 597 2700 ΕΙ).
616 2642 646 2703 Ρ.
662 2659 711 2716 pro
732 2639 834 2717 τοδτρι.

237 2746 339 2807 restat,
362 2745 386 2796 si
403 2746 550 2814 imperator
573 2743 649 2799 deses
667 2747 774 2812 iaetus,
794 2755 843 2801 aot
859 2752 972 2818 propter
995 2746 1134 2816 impensae
1149 2740 1319 2814 magnitudi-

236 2830 319 2878 nem,
343 2824 390 2868 aut
406 2823 518 2887 propter
534 2818 657 2869 attritum
674 2817 870 2890 laboribusque
893 2819 1046 2872 coniectum
1070 2817 1239 2876 exereitum,
1267 2820 1318 2866 ⁸¹¹⁸

236 2892 350 2955 propter
368 2886 556 2938 imminentem
572 2884 691 2942 hiemem
711 2888 884 2944 obsidionem
901 2889 995 2945 solvat.
1029 2887 1083 2956 Ego
1103 2900 1167 2938 vero
1186 2893 1215 2939 et
1230 2884 1260 2935 in
1270 2882 1317 2937 bis

236 2956 322 3009 nostri
340 2956 461 3025 ipsorum
480 2956 566 3009 iactus
583 2957 714 3025 proditor,
733 2972 841 3012 omnem
858 2958 899 3011 rei
922 2959 1062 3011 veritatem
1080 2955 1197 3026 gratuito
1216 2970 1317 3023 expro-

234 3041 315 3079 mam:
336 3043 499 3097 quamquam
516 3043 563 3079 vos
581 3028 624 3079 vel
638 3028 773 3083 talentum
781 3030 866 3081 fuisse
881 3037 1067 3082 muneraturus
1079 3027 1172 3088 seiam,
1191 3024 1224 3086 si,
1241 3039 1316 3094 quae

236 3092 271 3146 de
289 3095 366 3147 vobis
384 3097 461 3149 taciti
478 3098 645 3165 cogitamus,
662 3115 726 3151 vere
743 3115 904 3169 cognoscere
923 3099 1054 3151 licuisset.
1079 3095 1133 3149 Sed
1153 3094 1315 3147 enimvobis

235 3161 289 3217 boe
306 3167 387 3233 gratis
415 3165 495 3217 dabo.
538 3168 704 3236 imperator,
722 3186 772 3222 noa
791 3169 980 3240 exercitusque
999 3184 1120 3237 maguam
1138 3173 1242 3236 partem
1260 3162 1317 3216 do-

235 3250 311 3286 suum
331 3233 518 3297 discedemus,
543 3253 578 3288 ne
596 3235 643 3289 bie
659 3246 761 3291 temere
778 3256 810 3291 ae
827 3239 925 3292 frustra
947 3255 1129 3290 maceremur:
1156 3236 1317 3304 praesertim

236 3321 297 3355 eum
320 3313 349 3356 et
374 3305 432 3358 illie
456 3305 608 3372 respublica
631 3308 753 3361 officium
778 3307 996 3380 industriamque
1015 3317 1135 3360 nostram
1160 3305 1316 3368 desideret,

236 3390 318 3496 poam
336 3376 363 3426 el
381 3375 435 3427 nisi
454 3385 609 3444 praesentes
626 3387 762 3446 pramtare
780 3396 837 3431 non
853 3396 1004 3449 possumus.
1030 3377 1082 3429 Hie
1097 3376 1132 3430 ad
1150 3376 1316 3428 continuau-

256 3460 298 3493 nm
324 3444 496 3504 obsidionem
513 3449 636 3500 triremes
656 3449 739 3502 denus
768 3457 796 3501 et
814 3451 952 3502 uniremes
978 3449 1085 3500 vicenas
1113 3447 1312 3518 relinquemus:

235 3522 377 3583 praeterea
394 3515 429 3569 de
446 3518 558 3571 navibus
571 3517 714 3571 Sarabanis
730 3528 846 3590 quatuor
865 3526 894 3572 et
901 3519 1008 3589 viginti,
1023 3518 1209 3577 adnumerato,
1228 3533 1317 3587 quan-

236 3592 293 3635 tum
312 3603 398 3655 usque
416 3586 449 3640 ad
467 3605 575 3643 vernam
601 3597 789 3657 tempestatem
806 3591 909 3644 suffieit
925 3588 1072 3660 stipendio.
1114 3589 1204 3657 Atque
1221 3587 1250 3638 hi
1267 3602 1316 3638 vos

236 3661 266 3707 et
281 3655 470 3722 Mitylenaeos,
488 3676 504 3710 a
520 3660 588 3712 mari
604 3659 676 3712 sacto
688 3662 792 3729 impetu
808 3670 880 3714 certo
895 3660 1108 3731 oppugnabunt:
1126 3675 1143 3708 a
1157 3659 1316 3710 continente

236 3724 380 3780 Sardianis
399 3729 492 3795 copiae
510 3730 654 3782 auxiliares
671 3732 735 3783 satis
753 3739 884 3798 prement.
926 3729 1099 3797 Mitylenaeis
1123 3745 1187 3779 vero
1215 3728 1314 3779 Roma-

234 3812 333 3854 norum
352 3798 516 3852 conductitii
533 3801 680 3868 ingressum
702 3802 731 3853 in
750 3800 867 3853 insulam
885 3799 1080 3862 intercludent,
1097 3806 1129 3851 ut
1145 3797 1224 3850 ambo
1242 3805 1316 3852 terra

233 3867 357 3936 marique
377 3871 478 3921 vietum
495 3869 623 3923 invehere
640 3869 850 3940 prohibeamini.
885 3871 955 3925 Vere
972 3887 1043 3924 uovo
1060 3886 1157 3938 magna
1172 3870 1255 3920 classe
1270 3884 1316 3920 re-

235 3945 387 3999 uertemur,
409 3954 442 3989 eo
459 3941 568 4004 auimo,
587 3950 619 3994 ut
636 3942 739 3995 tamdiu
757 3958 805 3997 τοι
830 3959 1030 4013 oppugnemus,
1056 3937 1148 4010 quoad
1174 3939 1217 3991 vel
1242 3937 1315 3991 lame

234 4007 278 4057 vel
296 4011 377 4060 armis
395 4008 531 4074 domitos,
550 4012 579 4065 iu
597 4015 754 4065 servitutem
775 4012 934 4082 redigamus.
970 4013 1079 4063 Praeter
1097 4011 1166 4061 haee
1182 4008 1248 4061 alias
1266 4006 1316 4060 ad-

236 4075 288 4134 buc
307 4080 476 4149 imperaturis
496 4083 674 4151 cogitationes
694 4083 812 4139 occultas
830 4101 885 4137 non
903 4081 1020 4142 babebu-
1057 4079 1125 4133 Vuis
1143 4078 1217 4133 enim
1236 4078 1315 4133 vobis
