3000 4742
250 238 335 333 558
592 305 594 308 <
651 268 930 339 cauracuznu

98 429 421 515 λαιλλιῆνολγκασεν
442 426 462 493 δ
483 416 632 513 βασιλεὺς
647 425 715 493 ’καὶ
741 426 914 511 Ῥωμαίων
944 420 1003 492 uda
1032 425 1127 510 δλίγοι
1146 426 1256 494 ἴσασιν
1275 420 1333 492 οὖ-

243 531 355 612 δαμοῖς
383 526 507 597 ἐλάττω
534 526 630 612 τιμὴν
660 519 864 604 ἀποδιδόντες
890 530 1064 611 βασιλέως.
1106 517 1142 590 οδ
1169 523 1233 610 μην
1255 521 1333 594 otte

244 631 363 695 notiori
384 630 553 713 δεήσεσθαι
572 626 668 693 πόνον
690 630 745 693 καί
764 622 912 710 ἆγοδνοον,
951 626 1021 691 ἄλλ’
1047 626 1143 712 οἷρκεῖ
1162 622 1260 707 μόνον
1283 627 1333 692 εδ-

153 736 331 809 nastensis,
352 729 408 792 καί
425 727 543 802 πάντας
563 723 649 808 ἔχειν
668 725 882 801 δπακοδοντας
900 722 1042 807 ἑτοίμως.
1083 723 1183 790 αὐτόν
1202 747 1236 790 τι
1254 723 1335 811 πρδ-

245 829 337 913 τερόν
355 850 390 892 τε
409 824 497 909 παροὶ
519 823 623 889 πάντα
657 825 713 889 τὸν
744 823 813 908 βολον
843 827 898 889 καὶ
922 825 978 888 οὖν
1006 819 1069 906 οδχ
1095 815 1190 907 ἦττον
1209 827 1353 905 δτοιμονς

244 921 386 992 εἶναιτὰ
406 929 579 989 λυσιτελεῖν
598 918 809 1012 adspectata
830 924 996 1005 δοκοδντα,
1025 923 1064 986 οδ
1084 923 1181 1005 μόνον
1201 920 1331 1008 χρημά-

244 1049 309 1090 των
337 1026 394 1089 καί
424 1020 576 1105 καμάτων
596 1023 812 1110 ἀφειδοῦντα,
841 1019 922 1087 dett
946 1019 1002 1086 aui
1021 1017 1131 1106 ιγνχῆν
1156 1020 1262 1107 upote

244 1125 406 1211 diriperis
426 1124 493 1237 ἰδίρ
514 1146 547 1188 τι
571 1116 659 1211 crispi
677 1122 892 1209 διαφερόντων
909 1123 1106 1207 προϊέμενον,
1121 1121 1249 1188 πάντων
1260 1045 1351 1186 π

244 1225 288 1310 τῷ
310 1220 447 1305 μάλιστα
472 1242 545 1286 οντα
566 1218 740 1307 ὀφειλέτην.
775 1223 898 1286 πολλῶν
921 1218 980 1308 γὰρ
1002 1214 1251 1286 ἀπολελαυκέναι
1266 1221 1331 1286 τῶν

153 1370 155 1373 -
244 1322 430 1407 εὐεργεσιῶν
453 1322 518 1385 τῶν
540 1322 614 1406 παρ’
641 1313 763 1403 αὐτοῦ,
799 1320 837 1384 οδ
857 1324 986 1404 βασιλεῖ
1014 1319 1110 1402 μόνον
1138 1317 1194 1405 τὴν
1223 1318 1372 1405 depilato

243 1424 300 1486 καί
316 1421 551 1506 προσαγαγόντα
569 1418 625 1484 καὶ
641 1418 863 1501 οἷκειολσαντα,
899 1418 982 1485 ἀλλὰ
1004 1422 1061 1485 καί
1079 1413 1214 1504 ὕστερον
1234 1423 1333 1500 fluore

243 1523 323 1596 λέως
353 1519 549 1605 ὠργισμένον
573 1517 846 1605 παραιτησάμενον
869 1513 966 1584 αὐτὸν
1002 1516 1060 1583 καλ
1087 1519 1143 1583 τοῦ
1166 1520 1332 1603 δεσμωτη-

244 1619 315 1705 ρίον
340 1616 577 1708 ἀπαλλάξαντα,
614 1620 671 1682 καί
692 1620 793 1703 μέχρι
817 1617 875 1683 nir
893 1617 939 1694 ελς
961 1610 1038 1705 ὅπερ
1060 1618 1130 1681 ἐστι’
1155 1619 1266 1701 σχῆμα
1284 1618 1330 1680 δι’

213 1709 346 1782 raison*
367 1715 523 1801 ἠγμένον.
547 1717 590 1783 ‘0
609 1719 669 1798 μὲν
686 1707 742 1782 esis
769 1719 900 1781 τοιαῦτα
919 1710 1004 1783 εἷπε.
1043 1713 1157 1802 μικρὸν
1176 1716 1214 1781 δὲ
1236 1711 1332 1797 ripad-

241 1840 300 1900 γας
320 1818 503 1898 δομέστικος
524 1814 683 1899 ἐπισχών,
719 1815 788 1882 Oris
817 1809 857 1881 ds
883 1838 941 1898 μοι
966 1818 1050 1880 δοκῶ
1070 1818 1215 1893 τοιαῦτα,
1246 1809 1368 1899 εἷπε,οὸ

241 1915 440 1999 παραστῆναι
466 1912 541 2000 περὶ
560 1916 619 1981 σοῦ
637 1937 710 1979 ποτε
716 1965 727 1997 ,
754 1915 830 2000 μηδ’
841 1915 887 1991 εἷς
906 1916 1054 1980 τοσοῦτον
1066 1908 1155 2000 ἥκειν
1168 1916 1226 1995 ἐμὲ
1244 1936 1332 2000 φαυ-

241 2013 371 2097 λότητος
391 2009 539 2098 ἡγεῖσθαι
554 2015 698 2100 τρόπων,
724 2007 815 2096 ὥστε,
838 2012 995 2097 βασιλέως
1015 2011 1066 2078 ἔτι
1087 2016 1200 2093 ζῶντος
1229 2008 1252 2098 ἢ
1277 2008 1334 2075 aare*

241 2110 321 2196 μετδ
351 2112 519 2197 τελευτὴν,
553 2108 647 2198 door*
666 2112 897 2200 πεισθησεσθαι
923 2106 946 2199 ἢ
974 2108 1071 2202 ἓτδριρ
1104 2109 1241 2203 desponis,
1274 2112 1333 2195 τῆς

241 2213 302 2293 μὲν
318 2213 365 2288 εἷς
399 2213 458 2293 ἐμὲ
480 2214 635 2296 βασιλέως
657 2213 766 2300 φιλίας
809 2207 831 2297 ἢ
876 2214 999 2294 μᾶλλον
1022 2212 1125 2299 εἰπεῖνΙ
1155 2208 1330 2293 συμπνοίας

242 2308 480 2395 ἀμνημονῆσαι,
520 2313 584 2375 τῶν
600 2311 666 2400 λδίρ
689 2311 771 2376 δέτι
794 2308 870 2393 ἐμοὶ
902 2314 1003 2397 ζητεῖν
1033 2311 1257 2397 διαφερόντων,
1287 2301 1371 2375 o't-ao

196 2486 200 2497 .
241 2405 417 2492 μελὴσαντα
439 2410 503 2474 τοῖν
524 2412 613 2496 κοινῇ
630 2419 694 2486 τοῖς
713 2413 868 2494 βασιλέως
893 2408 993 2474 παισδ
1005 2414 1061 2475 καδ
1086 2407 1228 2495 βασιλίδι
1245 2434 1331 2489 σομ-

242 2504 419 2592 φερόντων.
467 2504 515 2571 διὸ
541 2508 598 2572 aad
625 2506 765 2589 μάλιστά
792 2533 850 2574 σον
877 2511 1112 2593 κατεγνωκέναι,
1143 2510 1174 2574 εἰ
1197 2511 1331 2573 τοιαῦτα

241 2605 402 2691 παραινῶν
429 2597 563 2691 ἤλπισας
590 2608 728 2675 πείσειν.
774 2612 838 2675 Τοῦ
859 2611 891 2675 δ’
910 2603 1007 2687 αὖθις
1032 2610 1266 2696 ἐπιχειροῦντος
1285 2602 1332 2683 οὖς

1470 267 1495 279 a

242 2825 351 2897 saepius
377 2824 497 2878 voluerit
522 2823 651 2895 quodque
676 2826 791 2878 Romani
817 2841 873 2878 non
896 2826 977 2896 pauci
997 2825 1107 2889 norint,
1134 2824 1182 2896 qut
1199 2840 1257 2877 nou
1273 2823 1330 2874 rni-
1383 2862 1388 2869 .

241 2913 337 2949 norem
363 2897 390 2948 ei
422 2912 504 2967 quam
538 2896 695 2966 imperatori
730 2895 861 2948 lronorem
889 2912 996 2965 semper
1024 2894 1192 2948 habuissent.
1228 2893 1327 2964 Neque

242 2984 306 3022 vero
326 2967 412 3019 multo
431 2967 525 3018 labore
544 2973 572 3018 et
593 2967 742 3018 certamino
760 2983 817 3019 rem
834 2966 972 3037 indigere:
999 2966 1082 3018 verbo
1102 2973 1209 3017 tantum
1226 2965 1331 3017 volun-

242 3044 328 3090 tatem
347 3053 421 3088 suam
442 3036 578 3100 declaret,
604 3038 750 3108 statimque
786 3036 906 3090 libenter
936 3052 965 3088 se
992 3035 1157 3088 subdituros.
1194 3033 1276 3105 Quod
1291 3033 1331 3086 ad

242 3124 273 3159 se
291 3108 437 3169 attineret,
462 3114 491 3159 et
507 3114 570 3159 ante
588 3108 618 3158 in
636 3109 710 3160 omni
728 3107 785 3159 vita
803 3115 831 3159 et
849 3106 902 3159 hoc
927 3112 1048 3176 tempore
1066 3123 1122 3159 non
1142 3106 1231 3158 minus
1249 3121 1332 3185 para·

242 3185 302 3229 tum
321 3194 378 3230 esse
397 3179 456 3228 eius
474 3176 641 3231 utilitatibus
668 3179 815 3240 inservire,
833 3194 889 3230 nou
906 3178 994 3228 solum
1020 3193 1075 3228 uon
1105 3184 1261 3246 parcentem
1279 3190 1331 3243 pe·

241 3249 332 3300 cuniis
359 3246 607 3314 etlortunissuis3
627 3245 722 3300 sedet
745 3248 904 3317 sanguinem
928 3264 959 3299 cu
981 3244 1026 3298 ide
1052 3263 1102 3318 pro
1128 3248 1187 3300 eius
1209 3245 1331 3298 rationi-

243 3316 295 3369 bus
312 3320 476 3382 effusurum,
493 3336 555 3371 cum
571 3318 692 3369 omniurn
711 3317 738 3370 ei
756 3319 902 3389 plurimum
930 3265 1043 3370 sicient:
1067 3317 1160 3369 multis
1181 3317 1252 3367 enirn
1277 3314 1333 3367 be·

243 3386 421 3440 neficiiseius
438 3405 532 3452 usum,
552 3388 661 3459 quando
686 3403 748 3441 eum
774 3404 830 3440 non
853 3388 933 3441 modo
962 3404 978 3438 a
1012 3388 1147 3456 principio
1171 3386 1332 3455 imperatori

244 3458 439 3511 commendarit
454 3459 667 3531 familiaremque
697 3457 862 3523 reddiderit,
887 3458 935 3512 sed
961 3459 1042 3510 ctiam
1059 3467 1155 3528 postea
1170 3458 1239 3508 iram
1254 3456 1331 3508 illins

245 3527 281 3580 ab
299 3545 331 3582 eo
350 3527 510 3598 deprecatus
527 3531 564 3581 sit
597 3538 626 3582 et
643 3546 746 3582 carcere
763 3529 901 3593 liberarit,
920 3535 948 3581 et
970 3529 999 3582 in
1026 3528 1096 3580 hunc
1127 3527 1332 3589 conditionem,

244 3601 275 3653 iu
294 3617 348 3669 qua
364 3597 447 3653 hodie
472 3601 524 3662 sit,
541 3599 707 3671 perduxerit.
742 3599 877 3653 Hactenus
888 3599 1072 3669 Apocauclrns.
1107 3598 1218 3667 Magnus
1234 3595 1332 3648 dome-

244 3670 329 3722 sticus
347 3670 459 3740 paulum
480 3671 563 3723 silens
573 3708 582 3735 ,
599 3668 661 3722 Non
673 3678 756 3739 puto,
774 3670 802 3723 in
824 3672 884 3733 uit,
900 3669 1011 3724 tuliade
1029 3679 1057 3724 te
1069 3668 1216 3739 aliquando
1235 3683 1333 3718 occur·

246 3740 314 3793 risse
328 3741 418 3793 animo
437 3756 511 3793 meo:
529 3758 581 3794 nec
597 3756 630 3793 eo
654 3757 697 3792 me
724 3742 812 3810 impro
835 3742 908 3794 itatis
925 3742 1087 3810 processisse
1101 3736 1328 3800 existimandum,

245 3818 276 3864 vt
293 3810 453 3880 imperatore
471 3810 560 3864 adhuc
585 3812 646 3863 vivo
674 3818 722 3862 aut
747 3812 828 3863 etiam
853 3828 884 3863 eo
908 3821 1031 3875 mortuo,
1049 3810 1093 3862 vel
1117 3809 1165 3861 abs
1182 3818 1210 3860 te
1235 3807 1331 3859 selah

247 3880 494 3953 alio‘quocumque
512 3881 641 3945 inducar,
660 3889 690 3934 rt
706 3882 805 3934 amoris
824 3884 877 3934 mei
891 3897 951 3952 erga
973 3884 1067 3943 illurn,
1090 3882 1153 3943 ¹sire
1181 3886 1213 3931 ut
1231 3877 1331 3929 melius

247 3950 352 4016 dicam,
378 3969 523 4006 consensus
546 3962 628 4025 atque
651 3952 858 4023 conspirationis
882 3953 1024 4005 immemor
1046 3954 1111 4017 sim,
1139 3959 1169 4004 et
1200 3947 1334 4019 neglectis

246 4038 318 4092 qnae
335 4026 513 4079 communiter
531 4024 591 4077 eius
608 4021 750 4077 liberis‘et
775 4027 910 4094 Augustae
946 4022 1116 4087 conducant,
1140 4020 1242 4092 privata
1265 4035 1333 4069 con«

249 4100 337 4145 secter
353 4095 510 4148 commoda:
526 4101 609 4165 teque
626 4111 747 4147 summae
772 4094 870 4147 damno
906 4094 1056 4158 stultitiae,
1073 4095 1099 4147 ai
1125 4092 1192 4145 talia
1216 4087 1282 4141 mihi
1301 4096 1333 4140 te

248 4177 437 4233 persuasurum
455 4165 602 4237 speravisti.
638 4162 689 4218 illo
709 4163 799 4219 denuo
810 4164 1057 4218 sententiamsuam
1080 4171 1113 4217 ut
1120 4163 1218 4216 utilem
1229 4158 1332 4231 urgeri·
