<?xml version="1.0" encoding="UTF-8"?>
<!DOCTYPE html PUBLIC "-//W3C//DTD XHTML 1.0 Transitional//EN"
    "http://www.w3.org/TR/xhtml1/DTD/xhtml1-transitional.dtd">
<html xmlns="http://www.w3.org/1999/xhtml" xml:lang="en" lang="en">
 <head>
  <title>
</title>
<meta http-equiv="Content-Type" content="text/html;charset=utf-8" />
  <meta name='ocr-system' content='tesseract 3.04.00' />
  <meta name='ocr-capabilities' content='ocr_page ocr_carea ocr_par ocr_line ocrx_word'/>
</head>
<body>
  <div class='ocr_page' id='page_1' title='image "./ioanniscantacuz01joangoog_0302.png"; bbox 0 0 3000 4742; ppageno 0'>
   <div class='ocr_carea' id='block_1_1' title="bbox 265 240 968 356">
    <p class='ocr_par' dir='ltr' id='par_1_1' title="bbox 265 240 968 356">
     <span class='ocr_line' id='line_1_1' title="bbox 265 240 968 356; baseline 0.003 -32"><span class='ocrx_word' id='word_1_1' title='bbox 265 240 374 356; x_wconf 63' lang='grc' dir='ltr'>Ι946</span> <span class='ocrx_word' id='word_1_2' title='bbox 608 267 612 273; x_wconf 91' lang='grc'><em>·</em></span> <span class='ocrx_word' id='word_1_3' title='bbox 690 258 968 326; x_wconf 79' lang='lat' dir='ltr'>mmscuzsm</span> 
     </span>
    </p>
   </div>
   <div class='ocr_carea' id='block_1_2' title="bbox 143 406 1413 2369">
    <p class='ocr_par' dir='ltr' id='par_1_2' title="bbox 143 406 1366 502">
     <span class='ocr_line' id='line_1_2' title="bbox 143 406 1366 502; baseline -0.009 -18"><span class='ocrx_word' id='word_1_4' title='bbox 143 429 353 500; x_wconf 74' lang='grc' dir='ltr'><strong><em>Δ.(1.ι3υηνειν</em></strong></span> <span class='ocrx_word' id='word_1_5' title='bbox 368 415 508 496; x_wconf 78' lang='grc' dir='ltr'><strong><em>οἰόμενος</em></strong></span> <span class='ocrx_word' id='word_1_6' title='bbox 514 408 756 498; x_wconf 73' lang='grc' dir='ltr'><strong><em>παρεσκεύασας</em></strong></span> <span class='ocrx_word' id='word_1_7' title='bbox 769 415 891 502; x_wconf 75' lang='grc' dir='ltr'><strong><em>σεαυτῷ</em></strong></span> <span class='ocrx_word' id='word_1_8' title='bbox 899 466 909 495; x_wconf 89' lang='grc'><strong><em>,</em></strong></span> <span class='ocrx_word' id='word_1_9' title='bbox 929 412 1057 500; x_wconf 75' lang='grc' dir='ltr'><strong><em>τροπῇς,</em></strong></span> <span class='ocrx_word' id='word_1_10' title='bbox 1085 406 1219 490; x_wconf 61' lang='lat' dir='ltr'>italicar</span> <span class='ocrx_word' id='word_1_11' title='bbox 1233 410 1291 492; x_wconf 71' lang='grc' dir='ltr'>ἐμὲ</span> <span class='ocrx_word' id='word_1_12' title='bbox 1308 434 1366 474; x_wconf 83' lang='grc' dir='ltr'>κα-</span> 
     </span>
    </p>

    <p class='ocr_par' dir='ltr' id='par_1_3' title="bbox 216 502 1391 896">
     <span class='ocr_line' id='line_1_3' title="bbox 216 502 1367 600; baseline -0.009 -19"><span class='ocrx_word' id='word_1_13' title='bbox 216 535 217 542; x_wconf 75' lang='grc'>’</span> <span class='ocrx_word' id='word_1_14' title='bbox 287 513 495 600; x_wconf 80' lang='grc' dir='ltr'><strong><em>τεργύσεσθαι</em></strong></span> <span class='ocrx_word' id='word_1_15' title='bbox 519 513 662 598; x_wconf 77' lang='grc' dir='ltr'><strong><em>πολέμῳ,</em></strong></span> <span class='ocrx_word' id='word_1_16' title='bbox 697 510 777 575; x_wconf 80' lang='grc' dir='ltr'><strong><em>ὀκνῶ</em></strong></span> <span class='ocrx_word' id='word_1_17' title='bbox 794 513 854 594; x_wconf 82' lang='grc' dir='ltr'>μὲν</span> <span class='ocrx_word' id='word_1_18' title='bbox 882 515 997 594; x_wconf 81' lang='grc' dir='ltr'><strong><em>εἰπεῖν,</em></strong></span> <span class='ocrx_word' id='word_1_19' title='bbox 1031 509 1188 596; x_wconf 80' lang='grc' dir='ltr'><strong><em>εἰρήσεται</em></strong></span> <span class='ocrx_word' id='word_1_20' title='bbox 1214 509 1250 572; x_wconf 83' lang='grc' dir='ltr'>δὲ</span> <span class='ocrx_word' id='word_1_21' title='bbox 1270 502 1367 590; x_wconf 78' lang='grc' dir='ltr'><strong><em>ὅμως,</em></strong></span> 
     </span>
     <span class='ocr_line' id='line_1_4' title="bbox 287 604 1368 695; baseline -0.006 -17"><span class='ocrx_word' id='word_1_22' title='bbox 287 616 414 679; x_wconf 74' lang='grc' dir='ltr'><strong><em>δέδοικα</em></strong></span> <span class='ocrx_word' id='word_1_23' title='bbox 432 609 487 695; x_wconf 82' lang='grc' dir='ltr'>μή,</span> <span class='ocrx_word' id='word_1_24' title='bbox 507 604 610 693; x_wconf 86' lang='grc' dir='ltr'><strong><em>ῶσπερ</em></strong></span> <span class='ocrx_word' id='word_1_25' title='bbox 634 608 689 673; x_wconf 78' lang='grc' dir='ltr'>καὶ</span> <span class='ocrx_word' id='word_1_26' title='bbox 708 610 869 695; x_wconf 84' lang='grc' dir='ltr'><strong><em>πρότερον,</em></strong></span> <span class='ocrx_word' id='word_1_27' title='bbox 884 612 938 676; x_wconf 75' lang='grc' dir='ltr'><strong><em>ἐπὶ</em></strong></span> <span class='ocrx_word' id='word_1_28' title='bbox 955 613 1018 675; x_wconf 88' lang='grc' dir='ltr'>τῶν</span> <span class='ocrx_word' id='word_1_29' title='bbox 1038 607 1137 695; x_wconf 79' lang='grc' dir='ltr'><strong><em>ἔργων</em></strong></span> <span class='ocrx_word' id='word_1_30' title='bbox 1157 608 1260 672; x_wconf 76' lang='grc' dir='ltr'><strong><em>αὐτῶν</em></strong></span> <span class='ocrx_word' id='word_1_31' title='bbox 1287 607 1368 672; x_wconf 85' lang='grc' dir='ltr'><strong><em>οἷλο-</em></strong></span> 
     </span>
     <span class='ocr_line' id='line_1_5' title="bbox 287 698 1369 797; baseline -0.008 -19"><span class='ocrx_word' id='word_1_32' title='bbox 287 714 416 787; x_wconf 83' lang='grc' dir='ltr'><strong><em>σιτελῶς</em></strong></span> <span class='ocrx_word' id='word_1_33' title='bbox 437 710 558 797; x_wconf 75' lang='grc' dir='ltr'><strong><em>σεαυτῷ</em></strong></span> <span class='ocrx_word' id='word_1_34' title='bbox 573 711 817 790; x_wconf 71' lang='grc' dir='ltr'><strong><em>βεβουλευμένος</em></strong></span> <span class='ocrx_word' id='word_1_35' title='bbox 842 713 959 797; x_wconf 77' lang='grc' dir='ltr'><strong><em>φανῇς.</em></strong></span> <span class='ocrx_word' id='word_1_36' title='bbox 985 707 1053 773; x_wconf 80' lang='grc' dir='ltr'><strong><em>τότε</em></strong></span> <span class='ocrx_word' id='word_1_37' title='bbox 1073 708 1133 788; x_wconf 77' lang='grc' dir='ltr'>μὲν</span> <span class='ocrx_word' id='word_1_38' title='bbox 1154 698 1211 770; x_wconf 84' lang='grc' dir='ltr'>σύν</span> <span class='ocrx_word' id='word_1_39' title='bbox 1231 705 1310 769; x_wconf 79' lang='grc' dir='ltr'><strong><em>θεοῦ</em></strong></span> <span class='ocrx_word' id='word_1_40' title='bbox 1330 729 1369 769; x_wconf 86' lang='grc' dir='ltr'>τε</span> 
     </span>
     <span class='ocr_line' id='line_1_6' title="bbox 287 804 1391 896; baseline -0.003 -20"><span class='ocrx_word' id='word_1_41' title='bbox 287 811 515 896; x_wconf 74' lang='grc' dir='ltr'><strong><em>συναιρομένοο</em></strong></span> <span class='ocrx_word' id='word_1_42' title='bbox 535 806 591 870; x_wconf 80' lang='grc' dir='ltr'><strong><em>καί</em></strong></span> <span class='ocrx_word' id='word_1_43' title='bbox 605 808 668 872; x_wconf 86' lang='grc' dir='ltr'>τῶν</span> <span class='ocrx_word' id='word_1_44' title='bbox 684 810 742 889; x_wconf 79' lang='grc' dir='ltr'><strong><em>ε’μὲ</em></strong></span> <span class='ocrx_word' id='word_1_45' title='bbox 758 804 840 873; x_wconf 77' lang='grc' dir='ltr'><strong><em>πάνυ</em></strong></span> <span class='ocrx_word' id='word_1_46' title='bbox 858 804 1034 895; x_wconf 74' lang='grc' dir='ltr'><strong><em>φιλούντων</em></strong></span> <span class='ocrx_word' id='word_1_47' title='bbox 1050 808 1185 870; x_wconf 73' lang='grc' dir='ltr'><strong><em>τουτωνί</em></strong></span> <span class='ocrx_word' id='word_1_48' title='bbox 1200 804 1391 890; x_wconf 59' lang='lat' dir='ltr'>svamm-5</span> 
     </span>
    </p>

    <p class='ocr_par' dir='ltr' id='par_1_4' title="bbox 196 897 1370 991">
     <span class='ocr_line' id='line_1_7' title="bbox 196 897 1370 991; baseline -0.01 -13"><span class='ocrx_word' id='word_1_49' title='bbox 196 907 416 989; x_wconf 62' lang='lat' dir='ltr'>estatinae,</span> <span class='ocrx_word' id='word_1_50' title='bbox 436 908 551 991; x_wconf 80' lang='grc' dir='ltr'><strong><em>ἱδρῶσι</em></strong></span> <span class='ocrx_word' id='word_1_51' title='bbox 570 911 695 982; x_wconf 79' lang='grc' dir='ltr'><strong><em>πολλοῖς</em></strong></span> <span class='ocrx_word' id='word_1_52' title='bbox 712 909 767 973; x_wconf 75' lang='grc' dir='ltr'>καὶ</span> <span class='ocrx_word' id='word_1_53' title='bbox 795 906 902 983; x_wconf 81' lang='grc' dir='ltr'><strong><em>πόνοις</em></strong></span> <span class='ocrx_word' id='word_1_54' title='bbox 930 901 1084 990; x_wconf 59' lang='lat' dir='ltr'>orig-inm</span> <span class='ocrx_word' id='word_1_55' title='bbox 1100 901 1194 979; x_wconf 81' lang='grc' dir='ltr'><strong><em>αύτύς</em></strong></span> <span class='ocrx_word' id='word_1_56' title='bbox 1209 902 1299 989; x_wconf 84' lang='grc' dir='ltr'><strong><em>ἔργον</em></strong></span> <span class='ocrx_word' id='word_1_57' title='bbox 1314 897 1370 967; x_wconf 89' lang='grc' dir='ltr'>εύ-</span> 
     </span>
    </p>

    <p class='ocr_par' dir='ltr' id='par_1_5' title="bbox 167 998 1413 1784">
     <span class='ocr_line' id='line_1_8' title="bbox 167 998 1373 1093; baseline -0.008 -20"><span class='ocrx_word' id='word_1_58' title='bbox 167 1015 170 1018; x_wconf 81' lang='grc'><strong>’</strong></span> <span class='ocrx_word' id='word_1_59' title='bbox 285 1010 345 1093; x_wconf 82' lang='grc' dir='ltr'><strong><em>χής</em></strong></span> <span class='ocrx_word' id='word_1_60' title='bbox 356 1007 431 1092; x_wconf 85' lang='grc' dir='ltr'><strong><em>ήγυῦ</em></strong></span> <span class='ocrx_word' id='word_1_61' title='bbox 448 1005 644 1089; x_wconf 68' lang='grc' dir='ltr'><strong><em>τελεσθῆναι,</em></strong></span> <span class='ocrx_word' id='word_1_62' title='bbox 657 1006 726 1069; x_wconf 78' lang='grc' dir='ltr'><strong><em>ἄλλ’</em></strong></span> <span class='ocrx_word' id='word_1_63' title='bbox 748 999 823 1090; x_wconf 85' lang='grc' dir='ltr'><strong><em>ὅπερ</em></strong></span> <span class='ocrx_word' id='word_1_64' title='bbox 840 1003 880 1070; x_wconf 90' lang='grc' dir='ltr'>σύ</span> <span class='ocrx_word' id='word_1_65' title='bbox 896 1007 956 1087; x_wconf 84' lang='grc' dir='ltr'>μὲν</span> <span class='ocrx_word' id='word_1_66' title='bbox 975 1003 1050 1070; x_wconf 74' lang='grc' dir='ltr'><strong><em>οὐδὲ</em></strong></span> <span class='ocrx_word' id='word_1_67' title='bbox 1067 1002 1276 1087; x_wconf 71' lang='grc' dir='ltr'><strong><em>ἐνεθυμήθης,</em></strong></span> <span class='ocrx_word' id='word_1_68' title='bbox 1296 998 1373 1083; x_wconf 73' lang='grc' dir='ltr'><strong><em>ἐμοὶ</em></strong></span> 
     </span>
     <span class='ocr_line' id='line_1_9' title="bbox 287 1095 1372 1191; baseline -0.007 -21"><span class='ocrx_word' id='word_1_69' title='bbox 287 1109 323 1171; x_wconf 84' lang='grc' dir='ltr'>δὲ</span> <span class='ocrx_word' id='word_1_70' title='bbox 338 1099 377 1190; x_wconf 80' lang='grc' dir='ltr'>ἧν</span> <span class='ocrx_word' id='word_1_71' title='bbox 395 1101 623 1188; x_wconf 73' lang='grc' dir='ltr'><strong><em>διῶσποοδῆς,</em></strong></span> <span class='ocrx_word' id='word_1_72' title='bbox 645 1100 858 1191; x_wconf 84' lang='grc' dir='ltr'><strong><em>κατωρθῶθη·</em></strong></span> <span class='ocrx_word' id='word_1_73' title='bbox 886 1106 944 1168; x_wconf 90' lang='grc' dir='ltr'>νῦν</span> <span class='ocrx_word' id='word_1_74' title='bbox 962 1106 998 1168; x_wconf 79' lang='grc' dir='ltr'>δὲ</span> <span class='ocrx_word' id='word_1_75' title='bbox 1016 1104 1152 1183; x_wconf 84' lang='grc' dir='ltr'><strong><em>δέδοικα,</em></strong></span> <span class='ocrx_word' id='word_1_76' title='bbox 1173 1095 1212 1166; x_wconf 82' lang='grc' dir='ltr'>ῦν</span> <span class='ocrx_word' id='word_1_77' title='bbox 1228 1098 1268 1165; x_wconf 79' lang='grc' dir='ltr'>τὰ</span> <span class='ocrx_word' id='word_1_78' title='bbox 1286 1102 1372 1186; x_wconf 83' lang='grc' dir='ltr'><strong><em>πρύ-</em></strong></span> 
     </span>
     <span class='ocr_line' id='line_1_10' title="bbox 290 1194 1372 1290; baseline -0.008 -20"><span class='ocrx_word' id='word_1_79' title='bbox 290 1230 394 1289; x_wconf 87' lang='grc' dir='ltr'><strong><em>γμαια</em></strong></span> <span class='ocrx_word' id='word_1_80' title='bbox 414 1198 528 1288; x_wconf 72' lang='grc' dir='ltr'><strong><em>ἑτέρως</em></strong></span> <span class='ocrx_word' id='word_1_81' title='bbox 548 1196 570 1285; x_wconf 81' lang='grc' dir='ltr'><em>ἢ</em></span> <span class='ocrx_word' id='word_1_82' title='bbox 588 1196 682 1277; x_wconf 83' lang='grc' dir='ltr'><strong><em>αύτδς</em></strong></span> <span class='ocrx_word' id='word_1_83' title='bbox 698 1201 824 1290; x_wconf 74' lang='grc' dir='ltr'><strong><em>ἑλπιζης</em></strong></span> <span class='ocrx_word' id='word_1_84' title='bbox 847 1202 968 1290; x_wconf 73' lang='grc' dir='ltr'><strong><em>ἀποβῇ,</em></strong></span> <span class='ocrx_word' id='word_1_85' title='bbox 1000 1199 1046 1287; x_wconf 82' lang='grc' dir='ltr'>μή</span> <span class='ocrx_word' id='word_1_86' title='bbox 1067 1201 1121 1265; x_wconf 70' lang='grc' dir='ltr'><strong><em>κατ’</em></strong></span> <span class='ocrx_word' id='word_1_87' title='bbox 1139 1194 1219 1283; x_wconf 82' lang='grc' dir='ltr'><strong><em>αῦτη</em></strong></span> <span class='ocrx_word' id='word_1_88' title='bbox 1242 1198 1263 1285; x_wconf 77' lang='lat' dir='ltr'>&#39;l</span> <span class='ocrx_word' id='word_1_89' title='bbox 1282 1195 1372 1273; x_wconf 80' lang='grc' dir='ltr'><strong><em>ε’λπίς</em></strong></span> 
     </span>
     <span class='ocr_line' id='line_1_11' title="bbox 287 1292 1413 1390; baseline -0.005 -23"><span class='ocrx_word' id='word_1_90' title='bbox 287 1305 491 1390; x_wconf 73' lang='grc' dir='ltr'><strong><em>περιαιρεθῇ.</em></strong></span> <span class='ocrx_word' id='word_1_91' title='bbox 520 1298 569 1366; x_wconf 88' lang='grc' dir='ltr'>διύ</span> <span class='ocrx_word' id='word_1_92' title='bbox 586 1303 642 1364; x_wconf 76' lang='grc' dir='ltr'><strong><em>κατ’</em></strong></span> <span class='ocrx_word' id='word_1_93' title='bbox 653 1301 767 1382; x_wconf 79' lang='grc' dir='ltr'><strong><em>δέομαι</em></strong></span> <span class='ocrx_word' id='word_1_94' title='bbox 785 1292 881 1376; x_wconf 86' lang='grc' dir='ltr'><strong><em>αύθις</em></strong></span> <span class='ocrx_word' id='word_1_95' title='bbox 895 1302 950 1365; x_wconf 72' lang='grc' dir='ltr'><strong><em>κατ’</em></strong></span> <span class='ocrx_word' id='word_1_96' title='bbox 967 1299 1191 1383; x_wconf 88' lang='grc' dir='ltr'><strong><em>συμβουλεύω,</em></strong></span> <span class='ocrx_word' id='word_1_97' title='bbox 1211 1293 1233 1384; x_wconf 66' lang='lat' dir='ltr'>&#39;l</span> <span class='ocrx_word' id='word_1_98' title='bbox 1251 1295 1308 1382; x_wconf 84' lang='grc' dir='ltr'>τήν</span> <span class='ocrx_word' id='word_1_99' title='bbox 1324 1296 1413 1361; x_wconf 82' lang='grc' dir='ltr'><strong><em>εύ-ιο</em></strong></span> 
     </span>
     <span class='ocr_line' id='line_1_12' title="bbox 288 1392 1370 1488; baseline -0.005 -23"><span class='ocrx_word' id='word_1_100' title='bbox 288 1400 384 1488; x_wconf 86' lang='grc' dir='ltr'><strong><em>ρήνην</em></strong></span> <span class='ocrx_word' id='word_1_101' title='bbox 402 1396 549 1481; x_wconf 74' lang='grc' dir='ltr'><strong><em>ἑλέσθαι,</em></strong></span> <span class='ocrx_word' id='word_1_102' title='bbox 569 1392 669 1482; x_wconf 81' lang='grc' dir='ltr'>ἢεῖγε</span> <span class='ocrx_word' id='word_1_103' title='bbox 689 1397 812 1474; x_wconf 79' lang='grc' dir='ltr'><strong><em>πάντως</em></strong></span> <span class='ocrx_word' id='word_1_104' title='bbox 826 1396 976 1486; x_wconf 75' lang='grc' dir='ltr'><strong><em>ὥρμησαι</em></strong></span> <span class='ocrx_word' id='word_1_105' title='bbox 987 1398 1065 1486; x_wconf 88' lang='grc' dir='ltr'><strong><em>πρὸς</em></strong></span> <span class='ocrx_word' id='word_1_106' title='bbox 1082 1396 1117 1465; x_wconf 85' lang='grc' dir='ltr'>τὸ</span> <span class='ocrx_word' id='word_1_107' title='bbox 1135 1404 1299 1480; x_wconf 83' lang='grc' dir='ltr'><strong><em>πολεμεῖν,</em></strong></span> <span class='ocrx_word' id='word_1_108' title='bbox 1330 1398 1370 1484; x_wconf 75' lang='grc' dir='ltr'>τῇ</span> 
     </span>
     <span class='ocr_line' id='line_1_13' title="bbox 287 1489 1370 1586; baseline -0.005 -23"><span class='ocrx_word' id='word_1_109' title='bbox 287 1502 405 1586; x_wconf 77' lang='grc' dir='ltr'><strong><em>μεγάλῃ</em></strong></span> <span class='ocrx_word' id='word_1_110' title='bbox 425 1497 604 1586; x_wconf 80' lang='grc' dir='ltr'><strong><em>χρήσεσθαι</em></strong></span> <span class='ocrx_word' id='word_1_111' title='bbox 621 1496 711 1580; x_wconf 80' lang='grc' dir='ltr'><strong><em>ἰσχύϊ</em></strong></span> <span class='ocrx_word' id='word_1_112' title='bbox 717 1550 727 1578; x_wconf 89' lang='grc'><strong><em>,</em></strong></span> <span class='ocrx_word' id='word_1_113' title='bbox 755 1496 796 1581; x_wconf 78' lang='grc' dir='ltr'>ἢν</span> <span class='ocrx_word' id='word_1_114' title='bbox 815 1496 898 1582; x_wconf 78' lang='grc' dir='ltr'><strong><em>ἔχεις</em></strong></span> <span class='ocrx_word' id='word_1_115' title='bbox 922 1496 965 1574; x_wconf 88' lang='grc' dir='ltr'><strong><em>ῶς</em></strong></span> <span class='ocrx_word' id='word_1_116' title='bbox 983 1496 1104 1584; x_wconf 79' lang='grc' dir='ltr'><strong><em>πατήρ,</em></strong></span> <span class='ocrx_word' id='word_1_117' title='bbox 1131 1500 1174 1562; x_wconf 89' lang='grc' dir='ltr'>δι’</span> <span class='ocrx_word' id='word_1_118' title='bbox 1196 1489 1234 1581; x_wconf 80' lang='grc' dir='ltr'><strong><em>ἧς</em></strong></span> <span class='ocrx_word' id='word_1_119' title='bbox 1250 1491 1370 1583; x_wconf 73' lang='grc' dir='ltr'><strong><em>ῥφδιλος</em></strong></span> 
     </span>
     <span class='ocr_line' id='line_1_14' title="bbox 288 1587 1370 1683; baseline -0.006 -22"><span class='ocrx_word' id='word_1_120' title='bbox 288 1596 373 1663; x_wconf 76' lang='grc' dir='ltr'><strong><em>ἅπαν</em></strong></span> <span class='ocrx_word' id='word_1_121' title='bbox 393 1591 434 1662; x_wconf 81' lang='grc' dir='ltr'>ῶν</span> <span class='ocrx_word' id='word_1_122' title='bbox 459 1620 510 1660; x_wconf 89' lang='grc' dir='ltr'>σοι</span> <span class='ocrx_word' id='word_1_123' title='bbox 528 1597 563 1660; x_wconf 84' lang='grc' dir='ltr'>τὸ</span> <span class='ocrx_word' id='word_1_124' title='bbox 588 1594 776 1678; x_wconf 79' lang='grc' dir='ltr'><strong><em>βουλόμενον</em></strong></span> <span class='ocrx_word' id='word_1_125' title='bbox 794 1598 1028 1682; x_wconf 76' lang='grc' dir='ltr'><strong><em>κατορθωθείη,</em></strong></span> <span class='ocrx_word' id='word_1_126' title='bbox 1062 1593 1154 1683; x_wconf 81' lang='grc' dir='ltr'><strong><em>(ἴστω</em></strong></span> <span class='ocrx_word' id='word_1_127' title='bbox 1176 1597 1211 1660; x_wconf 82' lang='grc' dir='ltr'>δὲ</span> <span class='ocrx_word' id='word_1_128' title='bbox 1231 1590 1306 1668; x_wconf 86' lang='grc' dir='ltr'><strong><em>θεὸς</em></strong></span> <span class='ocrx_word' id='word_1_129' title='bbox 1324 1587 1370 1666; x_wconf 85' lang='grc' dir='ltr'><strong><em>ῶς</em></strong></span> 
     </span>
     <span class='ocr_line' id='line_1_15' title="bbox 287 1691 1370 1784; baseline -0.004 -25"><span class='ocrx_word' id='word_1_130' title='bbox 287 1691 395 1780; x_wconf 83' lang='grc' dir='ltr'><strong><em>οἷληθή</em></strong></span> <span class='ocrx_word' id='word_1_131' title='bbox 415 1697 522 1777; x_wconf 60' lang='grc' dir='ltr'><strong><em>λέγω)</em></strong></span> <span class='ocrx_word' id='word_1_132' title='bbox 554 1693 609 1757; x_wconf 70' lang='grc' dir='ltr'><strong><em>κατ’</em></strong></span> <span class='ocrx_word' id='word_1_133' title='bbox 617 1692 663 1779; x_wconf 79' lang='grc' dir='ltr'>μή</span> <span class='ocrx_word' id='word_1_134' title='bbox 678 1695 717 1781; x_wconf 75' lang='grc' dir='ltr'>τῇ</span> <span class='ocrx_word' id='word_1_135' title='bbox 732 1695 841 1781; x_wconf 78' lang='grc' dir='ltr'><strong><em>συκίνη</em></strong></span> <span class='ocrx_word' id='word_1_136' title='bbox 862 1695 999 1782; x_wconf 76' lang='grc' dir='ltr'><strong><em>θαβρεἴν</em></strong></span> <span class='ocrx_word' id='word_1_137' title='bbox 1018 1696 1200 1784; x_wconf 77' lang='grc' dir='ltr'><strong><em>ἐπικουρίην,</em></strong></span> <span class='ocrx_word' id='word_1_138' title='bbox 1231 1700 1296 1767; x_wconf 80' lang='grc' dir='ltr'><strong><em>τοῖς</em></strong></span> <span class='ocrx_word' id='word_1_139' title='bbox 1317 1692 1370 1755; x_wconf 78' lang='grc' dir='ltr'>ἐκ·</span> 
     </span>
    </p>

    <p class='ocr_par' dir='ltr' id='par_1_6' title="bbox 261 1788 1412 2369">
     <span class='ocr_line' id='line_1_16' title="bbox 261 1788 1410 1880; baseline -0.003 -23"><span class='ocrx_word' id='word_1_140' title='bbox 261 1797 481 1879; x_wconf 77' lang='grc' dir='ltr'><strong><em>Βπεμφθεῖσιν</em></strong></span> <span class='ocrx_word' id='word_1_141' title='bbox 503 1793 556 1857; x_wconf 74' lang='grc' dir='ltr'><strong><em>ἐπὶ</em></strong></span> <span class='ocrx_word' id='word_1_142' title='bbox 579 1791 635 1878; x_wconf 81' lang='grc' dir='ltr'>τήν</span> <span class='ocrx_word' id='word_1_143' title='bbox 654 1788 790 1878; x_wconf 81' lang='grc' dir='ltr'><strong><em>ἑσπέραν</em></strong></span> <span class='ocrx_word' id='word_1_144' title='bbox 812 1788 967 1880; x_wconf 75' lang='grc' dir='ltr'><strong><em>ἄρχουσιν</em></strong></span> <span class='ocrx_word' id='word_1_145' title='bbox 988 1793 1043 1859; x_wconf 80' lang='grc' dir='ltr'><strong><em>ἐπὶ</em></strong></span> <span class='ocrx_word' id='word_1_146' title='bbox 1057 1792 1092 1858; x_wconf 84' lang='grc' dir='ltr'>τὸ</span> <span class='ocrx_word' id='word_1_147' title='bbox 1114 1792 1168 1858; x_wconf 83' lang='grc' dir='ltr'>τὸν</span> <span class='ocrx_word' id='word_1_148' title='bbox 1194 1795 1270 1858; x_wconf 55' lang='grc' dir='ltr'><strong><em>κατ’</em></strong></span> <span class='ocrx_word' id='word_1_149' title='bbox 1286 1789 1410 1871; x_wconf 73' lang='grc' dir='ltr'><strong><em>ε’μούιό</em></strong></span> 
     </span>
     <span class='ocr_line' id='line_1_17' title="bbox 287 1885 1367 1978; baseline -0.006 -21"><span class='ocrx_word' id='word_1_150' title='bbox 287 1891 421 1973; x_wconf 83' lang='grc' dir='ltr'><strong><em>πόλεμον</em></strong></span> <span class='ocrx_word' id='word_1_151' title='bbox 446 1889 697 1975; x_wconf 80' lang='grc' dir='ltr'><strong><em>ἑξαρτύσασθαι.</em></strong></span> <span class='ocrx_word' id='word_1_152' title='bbox 733 1896 853 1956; x_wconf 77' lang='grc' dir='ltr'><strong><em>πολλῶν</em></strong></span> <span class='ocrx_word' id='word_1_153' title='bbox 873 1889 933 1978; x_wconf 77' lang='grc' dir='ltr'>γὰρ</span> <span class='ocrx_word' id='word_1_154' title='bbox 958 1885 1072 1973; x_wconf 81' lang='grc' dir='ltr'><strong><em>ῦντιον,</em></strong></span> <span class='ocrx_word' id='word_1_155' title='bbox 1111 1891 1155 1967; x_wconf 86' lang='grc' dir='ltr'><strong><em>ῶς</em></strong></span> <span class='ocrx_word' id='word_1_156' title='bbox 1178 1885 1273 1966; x_wconf 74' lang='grc' dir='ltr'><strong><em>αὐτὸς</em></strong></span> <span class='ocrx_word' id='word_1_157' title='bbox 1297 1885 1367 1968; x_wconf 80' lang='grc' dir='ltr'><strong><em>οἴει,</em></strong></span> 
     </span>
     <span class='ocr_line' id='line_1_18' title="bbox 288 1986 1369 2081; baseline -0.001 -27"><span class='ocrx_word' id='word_1_158' title='bbox 288 1988 344 2054; x_wconf 87' lang='grc' dir='ltr'><strong><em>καί</em></strong></span> <span class='ocrx_word' id='word_1_159' title='bbox 358 1992 548 2069; x_wconf 77' lang='grc' dir='ltr'><strong><em>θαυμασιων</em></strong></span> <span class='ocrx_word' id='word_1_160' title='bbox 567 1993 758 2077; x_wconf 75' lang='grc' dir='ltr'><strong><em>στρατηγῶν,</em></strong></span> <span class='ocrx_word' id='word_1_161' title='bbox 778 1995 880 2081; x_wconf 77' lang='grc' dir='ltr'><strong><em>πολλῷ</em></strong></span> <span class='ocrx_word' id='word_1_162' title='bbox 897 1994 940 2080; x_wconf 74' lang='grc' dir='ltr'>τῷ</span> <span class='ocrx_word' id='word_1_163' title='bbox 954 1992 1055 2079; x_wconf 74' lang='grc' dir='ltr'><strong><em>μέτρῳ</em></strong></span> <span class='ocrx_word' id='word_1_164' title='bbox 1075 1993 1281 2077; x_wconf 77' lang='grc' dir='ltr'><strong><em>διαφέροντας</em></strong></span> <span class='ocrx_word' id='word_1_165' title='bbox 1298 1986 1369 2053; x_wconf 69' lang='lat' dir='ltr'>iolla</span> 
     </span>
     <span class='ocr_line' id='line_1_19' title="bbox 288 2083 1370 2173; baseline -0.002 -20"><span class='ocrx_word' id='word_1_166' title='bbox 288 2090 346 2170; x_wconf 76' lang='grc' dir='ltr'>ἐμὲ</span> <span class='ocrx_word' id='word_1_167' title='bbox 361 2086 417 2152; x_wconf 74' lang='grc' dir='ltr'>καὶ</span> <span class='ocrx_word' id='word_1_168' title='bbox 433 2086 509 2163; x_wconf 84' lang='grc' dir='ltr'><strong><em>τούς</em></strong></span> <span class='ocrx_word' id='word_1_169' title='bbox 523 2094 592 2169; x_wconf 69' lang='grc' dir='ltr'><strong><em>μετ’</em></strong></span> <span class='ocrx_word' id='word_1_170' title='bbox 614 2092 710 2170; x_wconf 77' lang='grc' dir='ltr'><strong><em>ἐμοῦ.</em></strong></span> <span class='ocrx_word' id='word_1_171' title='bbox 743 2084 784 2154; x_wconf 77' lang='lat' dir='ltr'>dv</span> <span class='ocrx_word' id='word_1_172' title='bbox 799 2093 857 2172; x_wconf 85' lang='grc' dir='ltr'>μὲν</span> <span class='ocrx_word' id='word_1_173' title='bbox 870 2083 929 2154; x_wconf 88' lang='grc' dir='ltr'>υύν</span> <span class='ocrx_word' id='word_1_174' title='bbox 950 2090 1022 2171; x_wconf 72' lang='grc' dir='ltr'><strong><em>ἐμοὶ</em></strong></span> <span class='ocrx_word' id='word_1_175' title='bbox 1036 2087 1192 2170; x_wconf 69' lang='grc' dir='ltr'><strong><em>πεισθεὶς,</em></strong></span> <span class='ocrx_word' id='word_1_176' title='bbox 1212 2090 1370 2173; x_wconf 78' lang='grc' dir='ltr'><strong><em>ἐπιψηφί-</em></strong></span> 
     </span>
     <span class='ocr_line' id='line_1_20' title="bbox 288 2182 1368 2275; baseline 0.002 -26"><span class='ocrx_word' id='word_1_177' title='bbox 288 2210 328 2273; x_wconf 84' lang='grc' dir='ltr'>ση</span> <span class='ocrx_word' id='word_1_178' title='bbox 347 2184 404 2269; x_wconf 79' lang='grc' dir='ltr'>τήν</span> <span class='ocrx_word' id='word_1_179' title='bbox 421 2185 558 2271; x_wconf 75' lang='grc' dir='ltr'><strong><em>εἰρήνην,</em></strong></span> <span class='ocrx_word' id='word_1_180' title='bbox 578 2187 655 2252; x_wconf 86' lang='grc' dir='ltr'><strong><em>θεόν</em></strong></span> <span class='ocrx_word' id='word_1_181' title='bbox 666 2213 699 2254; x_wconf 82' lang='grc' dir='ltr'>τε</span> <span class='ocrx_word' id='word_1_182' title='bbox 714 2188 882 2275; x_wconf 75' lang='grc' dir='ltr'><strong><em>εὐφρανεῖς</em></strong></span> <span class='ocrx_word' id='word_1_183' title='bbox 899 2187 955 2253; x_wconf 80' lang='grc' dir='ltr'><strong><em>καί</em></strong></span> <span class='ocrx_word' id='word_1_184' title='bbox 971 2185 1043 2263; x_wconf 86' lang='grc' dir='ltr'><strong><em>τούς</em></strong></span> <span class='ocrx_word' id='word_1_185' title='bbox 1059 2186 1199 2271; x_wconf 80' lang='grc' dir='ltr'><strong><em>οἷγοιθούς</em></strong></span> <span class='ocrx_word' id='word_1_186' title='bbox 1219 2182 1368 2271; x_wconf 78' lang='grc' dir='ltr'><strong><em>οἷγγὲλους</em></strong></span> 
     </span>
     <span class='ocr_line' id='line_1_21' title="bbox 292 2278 1412 2369; baseline 0.002 -22"><span class='ocrx_word' id='word_1_187' title='bbox 292 2282 409 2366; x_wconf 77' lang='grc' dir='ltr'><strong><em>αὐτοῦ,</em></strong></span> <span class='ocrx_word' id='word_1_188' title='bbox 441 2282 495 2348; x_wconf 80' lang='grc' dir='ltr'>καὶ</span> <span class='ocrx_word' id='word_1_189' title='bbox 519 2285 605 2369; x_wconf 79' lang='grc' dir='ltr'><strong><em>ἡμᾶς</em></strong></span> <span class='ocrx_word' id='word_1_190' title='bbox 621 2289 763 2369; x_wconf 79' lang='grc' dir='ltr'><strong><em>πολέμων</em></strong></span> <span class='ocrx_word' id='word_1_191' title='bbox 787 2290 842 2351; x_wconf 75' lang='grc' dir='ltr'><em>καί</em></span> <span class='ocrx_word' id='word_1_192' title='bbox 864 2289 1015 2353; x_wconf 81' lang='grc' dir='ltr'><strong><em>κινδύνων</em></strong></span> <span class='ocrx_word' id='word_1_193' title='bbox 1033 2285 1235 2363; x_wconf 75' lang='grc' dir='ltr'><strong><em>ἀπαλλάξεις.</em></strong></span> <span class='ocrx_word' id='word_1_194' title='bbox 1270 2278 1311 2351; x_wconf 71' lang='grc' dir='ltr'>ἂν</span> <span class='ocrx_word' id='word_1_195' title='bbox 1338 2288 1412 2349; x_wconf 78' lang='grc' dir='ltr'>δόο</span> 
     </span>
    </p>
   </div>
   <div class='ocr_carea' id='block_1_3' title="bbox 192 2375 1374 2767">
    <p class='ocr_par' dir='ltr' id='par_1_7' title="bbox 192 2375 1370 2669">
     <span class='ocr_line' id='line_1_22' title="bbox 192 2375 1370 2472; baseline -0.004 -19"><span class='ocrx_word' id='word_1_196' title='bbox 192 2398 222 2452; x_wconf 84' lang='lat' dir='ltr'>V.</span> <span class='ocrx_word' id='word_1_197' title='bbox 235 2414 283 2453; x_wconf 83' lang='lat' dir='ltr'>ma</span> <span class='ocrx_word' id='word_1_198' title='bbox 291 2380 405 2468; x_wconf 74' lang='grc' dir='ltr'><strong><em>ἑτέρως</em></strong></span> <span class='ocrx_word' id='word_1_199' title='bbox 416 2375 578 2472; x_wconf 78' lang='grc' dir='ltr'><strong><em>βουλεύσῃ,</em></strong></span> <span class='ocrx_word' id='word_1_200' title='bbox 599 2384 659 2468; x_wconf 79' lang='grc' dir='ltr'>ἑγῶ</span> <span class='ocrx_word' id='word_1_201' title='bbox 671 2388 730 2467; x_wconf 78' lang='grc' dir='ltr'>μὲν</span> <span class='ocrx_word' id='word_1_202' title='bbox 746 2385 1001 2472; x_wconf 76' lang='grc' dir='ltr'><strong><em>ἐπιμαρτύρομαι</em></strong></span> <span class='ocrx_word' id='word_1_203' title='bbox 1013 2383 1068 2451; x_wconf 82' lang='grc' dir='ltr'>τὸν</span> <span class='ocrx_word' id='word_1_204' title='bbox 1083 2386 1185 2450; x_wconf 79' lang='grc' dir='ltr'><strong><em>πάντα</em></strong></span> <span class='ocrx_word' id='word_1_205' title='bbox 1206 2386 1370 2471; x_wconf 81' lang='grc' dir='ltr'><strong><em>ἐφορῶντα</em></strong></span> 
     </span>
     <span class='ocr_line' id='line_1_23' title="bbox 292 2481 1368 2570; baseline 0 -24"><span class='ocrx_word' id='word_1_206' title='bbox 292 2481 458 2567; x_wconf 74' lang='grc' dir='ltr'><strong><em>ὀφθαλμὸν</em></strong></span> <span class='ocrx_word' id='word_1_207' title='bbox 473 2482 528 2548; x_wconf 77' lang='grc' dir='ltr'>καὶ</span> <span class='ocrx_word' id='word_1_208' title='bbox 544 2483 603 2560; x_wconf 80' lang='grc' dir='ltr'><strong><em>τὰς</em></strong></span> <span class='ocrx_word' id='word_1_209' title='bbox 619 2487 797 2560; x_wconf 86' lang='grc' dir='ltr'><strong><em>διοικούσας</em></strong></span> <span class='ocrx_word' id='word_1_210' title='bbox 817 2482 855 2550; x_wconf 85' lang='grc' dir='ltr'><strong><em>τοὶ</em></strong></span> <span class='ocrx_word' id='word_1_211' title='bbox 872 2482 1008 2570; x_wconf 81' lang='grc' dir='ltr'><strong><em>ήμὲτερα</em></strong></span> <span class='ocrx_word' id='word_1_212' title='bbox 1030 2482 1199 2570; x_wconf 80' lang='grc' dir='ltr'><strong><em>πράγματα</em></strong></span> <span class='ocrx_word' id='word_1_213' title='bbox 1217 2482 1368 2563; x_wconf 83' lang='grc' dir='ltr'><strong><em>δυνάμεις</em></strong></span> 
     </span>
     <span class='ocr_line' id='line_1_24' title="bbox 289 2576 1369 2669; baseline -0.001 -25"><span class='ocrx_word' id='word_1_214' title='bbox 289 2581 471 2666; x_wconf 82' lang='grc' dir='ltr'><strong><em>ούρανίοος,</em></strong></span> <span class='ocrx_word' id='word_1_215' title='bbox 492 2582 537 2657; x_wconf 82' lang='grc' dir='ltr'><strong><em>ῶς</em></strong></span> <span class='ocrx_word' id='word_1_216' title='bbox 553 2582 608 2647; x_wconf 83' lang='grc' dir='ltr'>καί</span> <span class='ocrx_word' id='word_1_217' title='bbox 626 2581 828 2664; x_wconf 76' lang='grc' dir='ltr'><strong><em>ἀδικούμενος</em></strong></span> <span class='ocrx_word' id='word_1_218' title='bbox 844 2587 900 2650; x_wconf 75' lang='grc' dir='ltr'><strong><em>κατ’</em></strong></span> <span class='ocrx_word' id='word_1_219' title='bbox 916 2579 1251 2669; x_wconf 80' lang='grc' dir='ltr'><strong><em>παρασπονδούμενος,</em></strong></span> <span class='ocrx_word' id='word_1_220' title='bbox 1281 2576 1369 2662; x_wconf 81' lang='grc' dir='ltr'><strong><em>ὅμως</em></strong></span> 
     </span>
    </p>

    <p class='ocr_par' dir='ltr' id='par_1_8' title="bbox 254 2675 1374 2767">
     <span class='ocr_line' id='line_1_25' title="bbox 254 2675 1374 2767; baseline -0.004 -19"><span class='ocrx_word' id='word_1_221' title='bbox 254 2695 275 2748; x_wconf 88' lang='lat' dir='ltr'>C</span> <span class='ocrx_word' id='word_1_222' title='bbox 290 2678 471 2762; x_wconf 74' lang='grc' dir='ltr'><strong><em>ἀσπάζομαι</em></strong></span> <span class='ocrx_word' id='word_1_223' title='bbox 488 2679 545 2765; x_wconf 81' lang='grc' dir='ltr'>τήν</span> <span class='ocrx_word' id='word_1_224' title='bbox 562 2681 703 2767; x_wconf 76' lang='grc' dir='ltr'><strong><em>εἰρήνην·</em></strong></span> <span class='ocrx_word' id='word_1_225' title='bbox 730 2679 826 2756; x_wconf 74' lang='grc' dir='ltr'><strong><em>αὐτὸς</em></strong></span> <span class='ocrx_word' id='word_1_226' title='bbox 848 2684 878 2746; x_wconf 89' lang='grc' dir='ltr'>δ’</span> <span class='ocrx_word' id='word_1_227' title='bbox 895 2675 935 2746; x_wconf 75' lang='grc' dir='ltr'>δν</span> <span class='ocrx_word' id='word_1_228' title='bbox 953 2681 1066 2767; x_wconf 78' lang='grc' dir='ltr'><strong><em>εἰδείης</em></strong></span> <span class='ocrx_word' id='word_1_229' title='bbox 1090 2676 1156 2761; x_wconf 57' lang='lat' dir='ltr'>list</span> <span class='ocrx_word' id='word_1_230' title='bbox 1178 2681 1233 2744; x_wconf 80' lang='grc' dir='ltr'><strong><em>καλ</em></strong></span> <span class='ocrx_word' id='word_1_231' title='bbox 1246 2681 1374 2766; x_wconf 74' lang='grc' dir='ltr'><strong><em>σεαυτῷ</em></strong></span> 
     </span>
    </p>
   </div>
   <div class='ocr_carea' id='block_1_4' title="bbox 290 2843 1462 4254">
    <p class='ocr_par' dir='ltr' id='par_1_9' title="bbox 290 2843 1462 4254">
     <span class='ocr_line' id='line_1_26' title="bbox 291 2843 1387 2921; baseline -0.003 -19"><span class='ocrx_word' id='word_1_232' title='bbox 291 2858 320 2902; x_wconf 86' lang='lat' dir='ltr'>et</span> <span class='ocrx_word' id='word_1_233' title='bbox 335 2867 454 2919; x_wconf 84' lang='lat' dir='ltr'>sperans,</span> <span class='ocrx_word' id='word_1_234' title='bbox 472 2843 602 2904; x_wconf 61' lang='lat' dir='ltr'>bello&#39;rnc</span> <span class='ocrx_word' id='word_1_235' title='bbox 614 2853 809 2914; x_wconf 85' lang='lat' dir='ltr'>confecturum,</span> <span class='ocrx_word' id='word_1_236' title='bbox 829 2853 972 2921; x_wconf 85' lang='lat' dir='ltr'>paravisti,</span> <span class='ocrx_word' id='word_1_237' title='bbox 988 2869 1083 2904; x_wconf 84' lang='lat' dir='ltr'>vereor</span> <span class='ocrx_word' id='word_1_238' title='bbox 1100 2852 1199 2909; x_wconf 82' lang='lat' dir='ltr'>dicere,</span> <span class='ocrx_word' id='word_1_239' title='bbox 1217 2848 1264 2901; x_wconf 85' lang='lat' dir='ltr'>sed</span> <span class='ocrx_word' id='word_1_240' title='bbox 1278 2849 1366 2901; x_wconf 84' lang='lat' dir='ltr'>dicam</span> <span class='ocrx_word' id='word_1_241' title='bbox 1383 2883 1387 2888; x_wconf 40' lang='lat' dir='ltr'>v</span> 
     </span>
     <span class='ocr_line' id='line_1_27' title="bbox 290 2922 1367 2989; baseline -0.002 -18"><span class='ocrx_word' id='word_1_242' title='bbox 290 2928 391 2982; x_wconf 70' lang='lat' dir='ltr'>tamem</span> <span class='ocrx_word' id='word_1_243' title='bbox 409 2938 511 2986; x_wconf 83' lang='lat' dir='ltr'>vereor,</span> <span class='ocrx_word' id='word_1_244' title='bbox 527 2940 562 2974; x_wconf 87' lang='lat' dir='ltr'>nc</span> <span class='ocrx_word' id='word_1_245' title='bbox 578 2923 699 2984; x_wconf 85' lang='lat' dir='ltr'>utalias,</span> <span class='ocrx_word' id='word_1_246' title='bbox 717 2922 758 2973; x_wconf 83' lang='lat' dir='ltr'>sic</span> <span class='ocrx_word' id='word_1_247' title='bbox 768 2923 848 2975; x_wconf 88' lang='lat' dir='ltr'>modo</span> <span class='ocrx_word' id='word_1_248' title='bbox 865 2923 996 2973; x_wconf 80' lang='lat' dir='ltr'>maletibi</span> <span class='ocrx_word' id='word_1_249' title='bbox 1014 2923 1181 2984; x_wconf 81' lang='lat' dir='ltr'>consuluisse</span> <span class='ocrx_word' id='word_1_250' title='bbox 1190 2923 1250 2989; x_wconf 85' lang='lat' dir='ltr'>ipso</span> <span class='ocrx_word' id='word_1_251' title='bbox 1266 2927 1367 2972; x_wconf 80' lang='lat' dir='ltr'>eventu</span> 
     </span>
     <span class='ocr_line' id='line_1_28' title="bbox 290 2990 1413 3061; baseline -0.002 -19"><span class='ocrx_word' id='word_1_252' title='bbox 290 2990 500 3059; x_wconf 73' lang='lat' dir='ltr'>deprehendam.</span> <span class='ocrx_word' id='word_1_253' title='bbox 536 2994 574 3043; x_wconf 75' lang='lat' dir='ltr'>Ac</span> <span class='ocrx_word' id='word_1_254' title='bbox 600 3000 665 3044; x_wconf 89' lang='lat' dir='ltr'>tunc</span> <span class='ocrx_word' id='word_1_255' title='bbox 683 2991 793 3061; x_wconf 87' lang='lat' dir='ltr'>quidem</span> <span class='ocrx_word' id='word_1_256' title='bbox 817 2992 916 3044; x_wconf 89' lang='lat' dir='ltr'>ctDco</span> <span class='ocrx_word' id='word_1_257' title='bbox 938 2994 1061 3059; x_wconf 74' lang='lat' dir='ltr'><strong>inprimis</strong></span> <span class='ocrx_word' id='word_1_258' title='bbox 1080 3001 1108 3044; x_wconf 87' lang='lat' dir='ltr'>ct</span> <span class='ocrx_word' id='word_1_259' title='bbox 1135 2991 1177 3043; x_wconf 85' lang='lat' dir='ltr'>his</span> <span class='ocrx_word' id='word_1_260' title='bbox 1196 2990 1367 3041; x_wconf 74' lang='lat' dir='ltr'>amicissimis</span> <span class='ocrx_word' id='word_1_261' title='bbox 1407 2991 1413 2996; x_wconf 84' lang='grc'><strong>’</strong></span> 
     </span>
     <span class='ocr_line' id='line_1_29' title="bbox 290 3059 1368 3132; baseline -0.003 -20"><span class='ocrx_word' id='word_1_262' title='bbox 290 3066 359 3115; x_wconf 85' lang='lat' dir='ltr'>meis</span> <span class='ocrx_word' id='word_1_263' title='bbox 373 3061 582 3124; x_wconf 71' lang='lat' dir='ltr'>adiswantibos,</span> <span class='ocrx_word' id='word_1_264' title='bbox 600 3064 692 3113; x_wconf 85' lang='lat' dir='ltr'>multis</span> <span class='ocrx_word' id='word_1_265' title='bbox 711 3061 855 3114; x_wconf 86' lang='lat' dir='ltr'>sudoribus</span> <span class='ocrx_word' id='word_1_266' title='bbox 875 3079 905 3114; x_wconf 89' lang='lat' dir='ltr'>ac</span> <span class='ocrx_word' id='word_1_267' title='bbox 920 3062 1077 3124; x_wconf 77' lang='lat' dir='ltr'>laboribus,</span> <span class='ocrx_word' id='word_1_268' title='bbox 1095 3080 1150 3113; x_wconf 85' lang='lat' dir='ltr'>non</span> <span class='ocrx_word' id='word_1_269' title='bbox 1166 3060 1239 3132; x_wconf 89' lang='lat' dir='ltr'>quod</span> <span class='ocrx_word' id='word_1_270' title='bbox 1258 3059 1311 3110; x_wconf 88' lang='lat' dir='ltr'>tibi</span> <span class='ocrx_word' id='word_1_271' title='bbox 1337 3061 1368 3110; x_wconf 88' lang='lat' dir='ltr'>in</span> 
     </span>
     <span class='ocr_line' id='line_1_30' title="bbox 293 3131 1368 3202; baseline -0.001 -21"><span class='ocrx_word' id='word_1_272' title='bbox 293 3133 363 3182; x_wconf 82' lang='lat' dir='ltr'>votis</span> <span class='ocrx_word' id='word_1_273' title='bbox 378 3140 449 3192; x_wconf 86' lang='lat' dir='ltr'>erat,</span> <span class='ocrx_word' id='word_1_274' title='bbox 467 3132 514 3184; x_wconf 87' lang='lat' dir='ltr'>sed</span> <span class='ocrx_word' id='word_1_275' title='bbox 532 3132 606 3201; x_wconf 85' lang='lat' dir='ltr'>quod</span> <span class='ocrx_word' id='word_1_276' title='bbox 621 3149 656 3183; x_wconf 88' lang='lat' dir='ltr'>ne</span> <span class='ocrx_word' id='word_1_277' title='bbox 671 3133 700 3183; x_wconf 90' lang='lat' dir='ltr'>in</span> <span class='ocrx_word' id='word_1_278' title='bbox 718 3133 908 3201; x_wconf 81' lang='lat' dir='ltr'>cogitationem</span> <span class='ocrx_word' id='word_1_279' title='bbox 923 3132 1034 3202; x_wconf 84' lang='lat' dir='ltr'>quidem</span> <span class='ocrx_word' id='word_1_280' title='bbox 1057 3141 1132 3184; x_wconf 87' lang='lat' dir='ltr'>tuam</span> <span class='ocrx_word' id='word_1_281' title='bbox 1155 3146 1275 3201; x_wconf 88' lang='lat' dir='ltr'>unquam</span> <span class='ocrx_word' id='word_1_282' title='bbox 1295 3131 1368 3181; x_wconf 90' lang='lat' dir='ltr'>ceci-</span> 
     </span>
     <span class='ocr_line' id='line_1_31' title="bbox 294 3199 1369 3271; baseline 0.001 -21"><span class='ocrx_word' id='word_1_283' title='bbox 294 3201 385 3261; x_wconf 86' lang='lat' dir='ltr'>derat,</span> <span class='ocrx_word' id='word_1_284' title='bbox 402 3202 469 3252; x_wconf 84' lang='lat' dir='ltr'>mihi</span> <span class='ocrx_word' id='word_1_285' title='bbox 485 3205 624 3253; x_wconf 86' lang='lat' dir='ltr'>autem-in</span> <span class='ocrx_word' id='word_1_286' title='bbox 638 3201 781 3254; x_wconf 71' lang='lat' dir='ltr'>desideriis</span> <span class='ocrx_word' id='word_1_287' title='bbox 797 3212 868 3265; x_wconf 84' lang='lat' dir='ltr'>crat,</span> <span class='ocrx_word' id='word_1_288' title='bbox 886 3220 948 3271; x_wconf 88' lang='lat' dir='ltr'>pros</span> <span class='ocrx_word' id='word_1_289' title='bbox 970 3218 1014 3254; x_wconf 88' lang='lat' dir='ltr'>cre</span> <span class='ocrx_word' id='word_1_290' title='bbox 1033 3203 1183 3269; x_wconf 84' lang='lat' dir='ltr'>perlectum</span> <span class='ocrx_word' id='word_1_291' title='bbox 1200 3208 1249 3252; x_wconf 84' lang='lat' dir='ltr'>est.</span> <span class='ocrx_word' id='word_1_292' title='bbox 1289 3199 1369 3251; x_wconf 82' lang='lat' dir='ltr'>Nunc</span> 
     </span>
     <span class='ocr_line' id='line_1_32' title="bbox 295 3269 1370 3341; baseline 0.001 -23"><span class='ocrx_word' id='word_1_293' title='bbox 295 3279 404 3329; x_wconf 88' lang='lat' dir='ltr'>metuo,</span> <span class='ocrx_word' id='word_1_294' title='bbox 421 3272 444 3321; x_wconf 91' lang='lat' dir='ltr'>si</span> <span class='ocrx_word' id='word_1_295' title='bbox 457 3273 553 3334; x_wconf 86' lang='lat' dir='ltr'>aliter,</span> <span class='ocrx_word' id='word_1_296' title='bbox 572 3289 652 3341; x_wconf 83' lang='lat' dir='ltr'>quam</span> <span class='ocrx_word' id='word_1_297' title='bbox 669 3271 798 3332; x_wconf 80' lang='lat' dir='ltr'>confidis,</span> <span class='ocrx_word' id='word_1_298' title='bbox 823 3290 864 3326; x_wconf 81' lang='grc' dir='ltr'>τοι</span> <span class='ocrx_word' id='word_1_299' title='bbox 882 3273 937 3324; x_wconf 86' lang='lat' dir='ltr'>ceci</span> <span class='ocrx_word' id='word_1_300' title='bbox 959 3274 1043 3334; x_wconf 86' lang='lat' dir='ltr'>erint,</span> <span class='ocrx_word' id='word_1_301' title='bbox 1066 3289 1101 3323; x_wconf 90' lang='lat' dir='ltr'>ne</span> <span class='ocrx_word' id='word_1_302' title='bbox 1128 3287 1188 3338; x_wconf 87' lang='lat' dir='ltr'>spes</span> <span class='ocrx_word' id='word_1_303' title='bbox 1208 3278 1268 3321; x_wconf 85' lang='lat' dir='ltr'>tuas</span> <span class='ocrx_word' id='word_1_304' title='bbox 1287 3269 1370 3320; x_wconf 77' lang='lat' dir='ltr'>salla-</span> 
     </span>
     <span class='ocr_line' id='line_1_33' title="bbox 295 3339 1368 3411; baseline 0.002 -24"><span class='ocrx_word' id='word_1_305' title='bbox 295 3356 337 3388; x_wconf 84' lang='lat' dir='ltr'>ccs</span> <span class='ocrx_word' id='word_1_306' title='bbox 357 3339 440 3392; x_wconf 79' lang='lat' dir='ltr'>fuisse</span> <span class='ocrx_word' id='word_1_307' title='bbox 462 3351 599 3410; x_wconf 60' lang='lat' dir='ltr'>appareat</span> <span class='ocrx_word' id='word_1_308' title='bbox 641 3342 773 3411; x_wconf 83' lang='lat' dir='ltr'>Quocirca</span> <span class='ocrx_word' id='word_1_309' title='bbox 796 3343 894 3393; x_wconf 87' lang='lat' dir='ltr'>iterum</span> <span class='ocrx_word' id='word_1_310' title='bbox 917 3351 945 3393; x_wconf 87' lang='lat' dir='ltr'>tc</span> <span class='ocrx_word' id='word_1_311' title='bbox 963 3341 1057 3393; x_wconf 86' lang='lat' dir='ltr'>hortor</span> <span class='ocrx_word' id='word_1_312' title='bbox 1073 3350 1156 3411; x_wconf 85' lang='lat' dir='ltr'>atquc</span> <span class='ocrx_word' id='word_1_313' title='bbox 1176 3358 1254 3409; x_wconf 86' lang='lat' dir='ltr'>rogo,</span> <span class='ocrx_word' id='word_1_314' title='bbox 1272 3356 1368 3408; x_wconf 83' lang='lat' dir='ltr'>pacem</span> 
     </span>
     <span class='ocr_line' id='line_1_34' title="bbox 295 3410 1368 3480; baseline 0.004 -24"><span class='ocrx_word' id='word_1_315' title='bbox 295 3424 329 3457; x_wconf 88' lang='lat' dir='ltr'>ne</span> <span class='ocrx_word' id='word_1_316' title='bbox 348 3425 507 3476; x_wconf 88' lang='lat' dir='ltr'>aspernere:</span> <span class='ocrx_word' id='word_1_317' title='bbox 529 3422 577 3463; x_wconf 85' lang='lat' dir='ltr'>aut</span> <span class='ocrx_word' id='word_1_318' title='bbox 595 3413 618 3462; x_wconf 87' lang='lat' dir='ltr'>si</span> <span class='ocrx_word' id='word_1_319' title='bbox 639 3411 706 3462; x_wconf 89' lang='lat' dir='ltr'>belli</span> <span class='ocrx_word' id='word_1_320' title='bbox 727 3411 856 3480; x_wconf 83' lang='lat' dir='ltr'>cupidine</span> <span class='ocrx_word' id='word_1_321' title='bbox 879 3412 946 3463; x_wconf 87' lang='lat' dir='ltr'>adeo</span> <span class='ocrx_word' id='word_1_322' title='bbox 967 3412 1067 3474; x_wconf 86' lang='lat' dir='ltr'>serves,</span> <span class='ocrx_word' id='word_1_323' title='bbox 1090 3420 1168 3461; x_wconf 87' lang='lat' dir='ltr'>utare</span> <span class='ocrx_word' id='word_1_324' title='bbox 1187 3412 1289 3479; x_wconf 80' lang='lat' dir='ltr'>magnis</span> <span class='ocrx_word' id='word_1_325' title='bbox 1311 3410 1368 3460; x_wconf 87' lang='lat' dir='ltr'>illis</span> 
     </span>
     <span class='ocr_line' id='line_1_35' title="bbox 294 3478 1369 3551; baseline 0.003 -24"><span class='ocrx_word' id='word_1_326' title='bbox 294 3478 414 3540; x_wconf 79' lang='lat' dir='ltr'>viribus,</span> <span class='ocrx_word' id='word_1_327' title='bbox 432 3480 531 3548; x_wconf 85' lang='lat' dir='ltr'>quibus</span> <span class='ocrx_word' id='word_1_328' title='bbox 544 3482 619 3532; x_wconf 82' lang='lat' dir='ltr'>vales</span> <span class='ocrx_word' id='word_1_329' title='bbox 632 3490 662 3532; x_wconf 91' lang='lat' dir='ltr'>ut</span> <span class='ocrx_word' id='word_1_330' title='bbox 679 3490 770 3549; x_wconf 85' lang='lat' dir='ltr'>pater,</span> <span class='ocrx_word' id='word_1_331' title='bbox 788 3489 817 3532; x_wconf 86' lang='lat' dir='ltr'>et</span> <span class='ocrx_word' id='word_1_332' title='bbox 834 3498 904 3549; x_wconf 84' lang='lat' dir='ltr'>quac</span> <span class='ocrx_word' id='word_1_333' title='bbox 931 3481 983 3533; x_wconf 89' lang='lat' dir='ltr'>tibi</span> <span class='ocrx_word' id='word_1_334' title='bbox 999 3491 1086 3534; x_wconf 88' lang='lat' dir='ltr'>totum</span> <span class='ocrx_word' id='word_1_335' title='bbox 1106 3481 1168 3542; x_wconf 88' lang='lat' dir='ltr'>boc,</span> <span class='ocrx_word' id='word_1_336' title='bbox 1188 3478 1261 3551; x_wconf 90' lang='lat' dir='ltr'>quod</span> <span class='ocrx_word' id='word_1_337' title='bbox 1281 3482 1369 3549; x_wconf 84' lang='lat' dir='ltr'>cupis,</span> 
     </span>
     <span class='ocr_line' id='line_1_36' title="bbox 294 3547 1368 3621; baseline 0.004 -24"><span class='ocrx_word' id='word_1_338' title='bbox 294 3547 370 3599; x_wconf 79' lang='lat' dir='ltr'>sacili</span> <span class='ocrx_word' id='word_1_339' title='bbox 387 3548 516 3619; x_wconf 84' lang='lat' dir='ltr'>felicique</span> <span class='ocrx_word' id='word_1_340' title='bbox 530 3568 652 3603; x_wconf 85' lang='lat' dir='ltr'>successu</span> <span class='ocrx_word' id='word_1_341' title='bbox 669 3550 862 3619; x_wconf 84' lang='lat' dir='ltr'>praestabunt,</span> <span class='ocrx_word' id='word_1_342' title='bbox 889 3551 986 3621; x_wconf 87' lang='lat' dir='ltr'>(Deum</span> <span class='ocrx_word' id='word_1_343' title='bbox 1010 3560 1108 3612; x_wconf 83' lang='lat' dir='ltr'>testor,</span> <span class='ocrx_word' id='word_1_344' title='bbox 1130 3567 1193 3602; x_wconf 87' lang='lat' dir='ltr'>vera</span> <span class='ocrx_word' id='word_1_345' title='bbox 1212 3567 1255 3601; x_wconf 88' lang='lat' dir='ltr'>mc</span> <span class='ocrx_word' id='word_1_346' title='bbox 1274 3551 1368 3618; x_wconf 88' lang='lat' dir='ltr'>prolo-</span> 
     </span>
     <span class='ocr_line' id='line_1_37' title="bbox 292 3617 1371 3737; baseline 0.005 -70"><span class='ocrx_word' id='word_1_347' title='bbox 292 3617 366 3737; x_wconf 63' lang='grc' dir='ltr'><strong><em>φιλ)</em></strong></span> <span class='ocrx_word' id='word_1_348' title='bbox 382 3627 410 3669; x_wconf 85' lang='lat' dir='ltr'>et</span> <span class='ocrx_word' id='word_1_349' title='bbox 427 3636 462 3670; x_wconf 88' lang='lat' dir='ltr'>nc</span> <span class='ocrx_word' id='word_1_350' title='bbox 479 3620 594 3671; x_wconf 87' lang='lat' dir='ltr'>ficulneo</span> <span class='ocrx_word' id='word_1_351' title='bbox 609 3622 696 3671; x_wconf 81' lang='lat' dir='ltr'>uitare</span> <span class='ocrx_word' id='word_1_352' title='bbox 709 3622 822 3682; x_wconf 75' lang='lat' dir='ltr'>auxilio,</span> <span class='ocrx_word' id='word_1_353' title='bbox 839 3620 1068 3689; x_wconf 87' lang='lat' dir='ltr'>nempc·ducibus</span> <span class='ocrx_word' id='word_1_354' title='bbox 1085 3622 1150 3682; x_wconf 84' lang='lat' dir='ltr'>illis,</span> <span class='ocrx_word' id='word_1_355' title='bbox 1169 3631 1235 3704; x_wconf 79' lang='lat' dir='ltr'>quos</span> <span class='ocrx_word' id='word_1_356' title='bbox 1250 3623 1280 3671; x_wconf 91' lang='lat' dir='ltr'>in</span> <span class='ocrx_word' id='word_1_357' title='bbox 1295 3622 1371 3672; x_wconf 89' lang='lat' dir='ltr'>occi-</span> 
     </span>
     <span class='ocr_line' id='line_1_38' title="bbox 312 3688 1370 3759; baseline 0.002 -20"><span class='ocrx_word' id='word_1_358' title='bbox 312 3697 401 3739; x_wconf 85' lang='lat' dir='ltr'>entcm</span> <span class='ocrx_word' id='word_1_359' title='bbox 418 3688 453 3744; x_wconf 83' lang='lat' dir='ltr'>ad</span> <span class='ocrx_word' id='word_1_360' title='bbox 465 3689 567 3741; x_wconf 90' lang='lat' dir='ltr'>bellum</span> <span class='ocrx_word' id='word_1_361' title='bbox 582 3699 675 3741; x_wconf 88' lang='lat' dir='ltr'>contra</span> <span class='ocrx_word' id='word_1_362' title='bbox 688 3707 730 3742; x_wconf 87' lang='lat' dir='ltr'>me</span> <span class='ocrx_word' id='word_1_363' title='bbox 746 3691 930 3759; x_wconf 82' lang='lat' dir='ltr'>apparandum</span> <span class='ocrx_word' id='word_1_364' title='bbox 946 3693 1067 3744; x_wconf 75' lang='lat' dir='ltr'>emisisti.</span> <span class='ocrx_word' id='word_1_365' title='bbox 1102 3691 1198 3757; x_wconf 70' lang='lat' dir='ltr'>Multis</span> <span class='ocrx_word' id='word_1_366' title='bbox 1214 3692 1288 3742; x_wconf 89' lang='lat' dir='ltr'>enim</span> <span class='ocrx_word' id='word_1_367' title='bbox 1309 3690 1370 3741; x_wconf 86' lang='lat' dir='ltr'>illis</span> 
     </span>
     <span class='ocr_line' id='line_1_39' title="bbox 292 3758 1371 3832; baseline 0.003 -25"><span class='ocrx_word' id='word_1_368' title='bbox 292 3766 319 3809; x_wconf 90' lang='lat' dir='ltr'>et</span> <span class='ocrx_word' id='word_1_369' title='bbox 337 3758 507 3828; x_wconf 83' lang='lat' dir='ltr'>insignibus,</span> <span class='ocrx_word' id='word_1_370' title='bbox 530 3769 560 3810; x_wconf 88' lang='lat' dir='ltr'>ut</span> <span class='ocrx_word' id='word_1_371' title='bbox 579 3758 690 3831; x_wconf 88' lang='lat' dir='ltr'>quidem</span> <span class='ocrx_word' id='word_1_372' title='bbox 714 3770 743 3813; x_wconf 90' lang='lat' dir='ltr'>tu</span> <span class='ocrx_word' id='word_1_373' title='bbox 765 3762 905 3829; x_wconf 87' lang='lat' dir='ltr'>opinaris,</span> <span class='ocrx_word' id='word_1_374' title='bbox 930 3763 1010 3832; x_wconf 87' lang='lat' dir='ltr'>longo</span> <span class='ocrx_word' id='word_1_375' title='bbox 1033 3761 1176 3814; x_wconf 78' lang='lat' dir='ltr'>intervallo</span> <span class='ocrx_word' id='word_1_376' title='bbox 1199 3761 1267 3812; x_wconf 85' lang='lat' dir='ltr'>scias</span> <span class='ocrx_word' id='word_1_377' title='bbox 1287 3762 1371 3812; x_wconf 86' lang='lat' dir='ltr'>velim</span> 
     </span>
     <span class='ocr_line' id='line_1_40' title="bbox 291 3830 1370 3901; baseline 0.005 -25"><span class='ocrx_word' id='word_1_378' title='bbox 291 3843 333 3877; x_wconf 90' lang='lat' dir='ltr'>me</span> <span class='ocrx_word' id='word_1_379' title='bbox 357 3830 460 3899; x_wconf 87' lang='lat' dir='ltr'>quique</span> <span class='ocrx_word' id='word_1_380' title='bbox 481 3847 585 3881; x_wconf 90' lang='lat' dir='ltr'>mecum</span> <span class='ocrx_word' id='word_1_381' title='bbox 611 3837 675 3880; x_wconf 87' lang='lat' dir='ltr'>sunt</span> <span class='ocrx_word' id='word_1_382' title='bbox 694 3831 865 3889; x_wconf 82' lang='lat' dir='ltr'>antecellere,</span> <span class='ocrx_word' id='word_1_383' title='bbox 900 3830 991 3901; x_wconf 85' lang='lat' dir='ltr'>Quare</span> <span class='ocrx_word' id='word_1_384' title='bbox 1011 3834 1032 3882; x_wconf 88' lang='lat' dir='ltr'>si</span> <span class='ocrx_word' id='word_1_385' title='bbox 1054 3831 1165 3883; x_wconf 86' lang='lat' dir='ltr'>monitis</span> <span class='ocrx_word' id='word_1_386' title='bbox 1191 3832 1258 3882; x_wconf 86' lang='lat' dir='ltr'>meis</span> <span class='ocrx_word' id='word_1_387' title='bbox 1279 3830 1370 3882; x_wconf 88' lang='lat' dir='ltr'>locum</span> 
     </span>
     <span class='ocr_line' id='line_1_41' title="bbox 291 3898 1462 3970; baseline 0.003 -23"><span class='ocrx_word' id='word_1_388' title='bbox 291 3898 457 3968; x_wconf 84' lang='lat' dir='ltr'>relinquens,</span> <span class='ocrx_word' id='word_1_389' title='bbox 472 3918 562 3967; x_wconf 88' lang='lat' dir='ltr'>pacem</span> <span class='ocrx_word' id='word_1_390' title='bbox 577 3898 744 3962; x_wconf 81' lang='lat' dir='ltr'>decreveris,</span> <span class='ocrx_word' id='word_1_391' title='bbox 761 3902 848 3952; x_wconf 88' lang='lat' dir='ltr'>Deum</span> <span class='ocrx_word' id='word_1_392' title='bbox 868 3903 956 3970; x_wconf 88' lang='lat' dir='ltr'>ipsum</span> <span class='ocrx_word' id='word_1_393' title='bbox 971 3911 999 3953; x_wconf 88' lang='lat' dir='ltr'>ct</span> <span class='ocrx_word' id='word_1_394' title='bbox 1018 3902 1103 3953; x_wconf 91' lang='lat' dir='ltr'>bonos</span> <span class='ocrx_word' id='word_1_395' title='bbox 1118 3902 1227 3969; x_wconf 79' lang='lat' dir='ltr'>angelos</span> <span class='ocrx_word' id='word_1_396' title='bbox 1241 3901 1301 3951; x_wconf 89' lang='lat' dir='ltr'>eius</span> <span class='ocrx_word' id='word_1_397' title='bbox 1321 3918 1371 3952; x_wconf 80' lang='lat' dir='ltr'>ex·</span> <span class='ocrx_word' id='word_1_398' title='bbox 1452 3915 1462 3934; x_wconf 76' lang='lat'><strong><em>³</em></strong></span> 
     </span>
     <span class='ocr_line' id='line_1_42' title="bbox 290 3965 1371 4041; baseline 0.005 -25"><span class='ocrx_word' id='word_1_399' title='bbox 290 3965 436 4032; x_wconf 84' lang='lat' dir='ltr'>hilarabis‚</span> <span class='ocrx_word' id='word_1_400' title='bbox 454 3988 558 4041; x_wconf 87' lang='lat' dir='ltr'>nosque</span> <span class='ocrx_word' id='word_1_401' title='bbox 574 3988 588 4020; x_wconf 92' lang='lat' dir='ltr'>a</span> <span class='ocrx_word' id='word_1_402' title='bbox 607 3969 714 4022; x_wconf 83' lang='lat' dir='ltr'>bellicis</span> <span class='ocrx_word' id='word_1_403' title='bbox 730 3972 790 4022; x_wconf 86' lang='lat' dir='ltr'>istis</span> <span class='ocrx_word' id='word_1_404' title='bbox 807 3971 982 4023; x_wconf 85' lang='lat' dir='ltr'>incommodis</span> <span class='ocrx_word' id='word_1_405' title='bbox 1001 3979 1075 4024; x_wconf 85' lang='lat' dir='ltr'>tutos</span> <span class='ocrx_word' id='word_1_406' title='bbox 1092 3971 1260 4024; x_wconf 87' lang='lat' dir='ltr'>conciliabis.</span> <span class='ocrx_word' id='word_1_407' title='bbox 1296 3971 1325 4022; x_wconf 91' lang='lat' dir='ltr'>Si</span> <span class='ocrx_word' id='word_1_408' title='bbox 1340 3971 1371 4021; x_wconf 94' lang='lat' dir='ltr'>in</span> 
     </span>
     <span class='ocr_line' id='line_1_43' title="bbox 291 4036 1370 4104; baseline 0.005 -17"><span class='ocrx_word' id='word_1_409' title='bbox 291 4036 426 4091; x_wconf 85' lang='lat' dir='ltr'>diversum</span> <span class='ocrx_word' id='word_1_410' title='bbox 450 4040 525 4104; x_wconf 83' lang='lat' dir='ltr'>abis,</span> <span class='ocrx_word' id='word_1_411' title='bbox 560 4042 670 4103; x_wconf 86' lang='lat' dir='ltr'>Deum,</span> <span class='ocrx_word' id='word_1_412' title='bbox 698 4043 775 4094; x_wconf 89' lang='lat' dir='ltr'>cuius</span> <span class='ocrx_word' id='word_1_413' title='bbox 803 4042 897 4093; x_wconf 87' lang='lat' dir='ltr'>oculus</span> <span class='ocrx_word' id='word_1_414' title='bbox 922 4044 1045 4094; x_wconf 80' lang='lat' dir='ltr'>intuatur</span> <span class='ocrx_word' id='word_1_415' title='bbox 1063 4045 1168 4104; x_wconf 87' lang='lat' dir='ltr'>omnia,</span> <span class='ocrx_word' id='word_1_416' title='bbox 1187 4050 1215 4093; x_wconf 89' lang='lat' dir='ltr'>ct</span> <span class='ocrx_word' id='word_1_417' title='bbox 1238 4041 1370 4093; x_wconf 86' lang='lat' dir='ltr'>coelestes</span> 
     </span>
     <span class='ocr_line' id='line_1_44' title="bbox 291 4107 1371 4174; baseline 0.002 -15"><span class='ocrx_word' id='word_1_418' title='bbox 291 4107 352 4159; x_wconf 82' lang='lat' dir='ltr'>illas</span> <span class='ocrx_word' id='word_1_419' title='bbox 368 4113 497 4172; x_wconf 78' lang='lat' dir='ltr'>virtutes,</span> <span class='ocrx_word' id='word_1_420' title='bbox 520 4128 609 4162; x_wconf 85' lang='lat' dir='ltr'>rerum</span> <span class='ocrx_word' id='word_1_421' title='bbox 631 4120 783 4163; x_wconf 82' lang='lat' dir='ltr'>nostrarum</span> <span class='ocrx_word' id='word_1_422' title='bbox 806 4113 1061 4174; x_wconf 82' lang='lat' dir='ltr'>administratrices,</span> <span class='ocrx_word' id='word_1_423' title='bbox 1087 4116 1183 4163; x_wconf 83' lang='lat' dir='ltr'>invoco</span> <span class='ocrx_word' id='word_1_424' title='bbox 1202 4120 1304 4172; x_wconf 78' lang='lat' dir='ltr'>testes,</span> <span class='ocrx_word' id='word_1_425' title='bbox 1325 4127 1371 4161; x_wconf 86' lang='lat' dir='ltr'>me</span> 
     </span>
     <span class='ocr_line' id='line_1_45' title="bbox 292 4180 1370 4254; baseline 0.006 -26"><span class='ocrx_word' id='word_1_426' title='bbox 292 4194 455 4252; x_wconf 83' lang='lat' dir='ltr'>quamquam</span> <span class='ocrx_word' id='word_1_427' title='bbox 479 4186 603 4236; x_wconf 80' lang='lat' dir='ltr'>affectura</span> <span class='ocrx_word' id='word_1_428' title='bbox 617 4181 719 4238; x_wconf 82' lang='lat' dir='ltr'>iniuria</span> <span class='ocrx_word' id='word_1_429' title='bbox 736 4189 774 4236; x_wconf 89' lang='lat' dir='ltr'>et·</span> <span class='ocrx_word' id='word_1_430' title='bbox 784 4181 930 4254; x_wconf 78' lang='lat' dir='ltr'>perfidiose</span> <span class='ocrx_word' id='word_1_431' title='bbox 950 4180 1199 4245; x_wconf 62' lang='lat' dir='ltr'>violatum-nihilo</span> <span class='ocrx_word' id='word_1_432' title='bbox 1217 4184 1309 4237; x_wconf 83' lang='lat' dir='ltr'>minus</span> <span class='ocrx_word' id='word_1_433' title='bbox 1320 4197 1370 4252; x_wconf 82' lang='lat' dir='ltr'>pa·</span> 
     </span>
    </p>
   </div>
   <div class='ocr_carea' id='block_1_5' title="bbox 0 0 1506 4742">
    <p class='ocr_par' dir='ltr' id='par_1_10' title="bbox 0 0 1506 4742">
     <span class='ocr_line' id='line_1_46' title="bbox 0 0 1506 4742; baseline 0 0"><span class='ocrx_word' id='word_1_434' title='bbox 0 0 1506 4742; x_wconf 95' lang='lat' dir='ltr'> </span> 
     </span>
    </p>
   </div>
  </div>
 </body>
</html>
