3000 4742
260 302 379 395 xixn
475 323 501 384 ι.
520 316 699 386 marani
719 316 973 382 ιιιιιιιιιιο
992 306 1263 388 nmunannr.
1328 360 1337 373 ,

259 489 324 546 ἀνι
337 481 468 566 legiones
489 474 598 552 dictas,
619 474 812 558 postmodum
835 477 995 537 imminuta
1013 474 1146 538 Heraclii
1163 476 1349 561 tempor-ilina

259 570 396 629 Romana
419 561 553 647 potentia
572 569 604 619 et
616 569 755 620 nuncato
772 561 911 642 imperio,
934 553 1083 639 θεμάτων
1101 580 1212 622 nomen
1233 584 1351 647 acceps—

259 660 344 727 runt,
366 656 500 708 carentes
517 645 579 703 iam
591 642 687 703 veteri
701 642 901 724 amplitudine
917 665 983 705 sua.
1025 643 1105 703 Vide
1122 642 1258 705 libellum
1272 647 1349 709 Con·

259 733 382 796 mantini
400 728 706 810 Porphyrogeunetae
725 726 764 786 de
778 726 961 788 thematibus
980 728 1044 787 sire
1058 726 1097 786 de
1110 728 1280 808 agminibus
1296 734 1349 792 mi·

244 814 398 877 iberibus
418 833 473 895 per
491 811 652 893 imperium
664 808 809 870 orientale
823 810 1001 871 distributis.
1044 808 1103 869 Hic
1117 800 1283 891 praefectus
1296 814 1349 874 hu-

259 895 425 1041 iuscgmodi
444 897 598 979 agminum
618 910 675 978 per
687 893 851 956 occidentis
878 892 970 956 urbes
987 892 1217 957 distributorum
1242 896 1349 958 intelli·

281 1002 320 1042 en
341 1001 377 1042 tls
399 990 455 1040 est.

259 1004 282 1067 g
342 1060 456 1141 Μέγας
466 1051 643 1141 Διοικητῆς,
683 1059 822 1141 Magnus
855 1056 1097 1123 administrator
1116 1060 1182 1124 rios
1194 1081 1348 1147 procuro·

260 1158 322 1214 tor.
363 1144 448 1206 Nihil
468 1143 507 1204 de
527 1142 586 1202 hoc
607 1142 800 1226 Curopalata.

342 1220 562 1309 ΜέγαςΔούξ,
584 1224 719 1306 Magnus
737 1227 824 1289 Dux.
839 1226 1347 1313 Quemadmodummagnusdome·

260 1313 354 1375 stieus
367 1312 508 1395 princeps
528 1319 558 1369 et
571 1329 606 1368 ea
626 1319 662 1368 ut
671 1319 716 1369 est
725 1309 766 1370 ad
779 1312 954 1377 universum
969 1311 1126 1389 fossatum,
1138 1312 1221 1394 (quid
1234 1314 1272 1372 sit
1278 1312 1352 1395 sos·

260 1408 375 1469 satum,
397 1414 452 1456 suo
466 1390 533 1454 loco
548 1329 767 1473 expicabitur)
782 1395 825 1454 sie
838 1396 930 1453 etiam
944 1393 994 1454 hic
1012 1394 1051 1454 ad
1064 1397 1240 1456 universum
1255 1412 1349 1456 mare.

260 1479 309 1540 Ae
336 1480 426 1540 ceteri
450 1474 573 1559 quidem
584 1476 733 1557 principes
750 1475 925 1537 aliisrebus
940 1478 1069 1539 instituti
1090 1489 1125 1538 ut
1141 1479 1250 1560 capita,
1267 1498 1350 1561 prae·

257 1561 363 1622 serunt
377 1569 554 1623 consuetum
572 1558 762 1642 impmatoris
776 1557 962 1637 flammeum,
983 1571 1036 1621 aut
1057 1563 1201 1622 marcisus
1215 1561 1350 1622 llamms-

258 1664 313 1705 um
328 1664 398 1705 oum
411 1643 512 1728 ignitis
531 1641 611 1702 telis.
653 1643 784 1723 Magnus
805 1642 865 1703 dux
880 1655 1004 1704 eonmm
1017 1643 1147 1725 praefert
1159 1646 1350 1725 imperatoris

258 1726 414 1788 insidentis
428 1745 519 1809 equo.
563 1722 664 1784 Habet
676 1736 779 1785 autem
792 1726 941 1785 subiectos
954 1727 1012 1786 sibi
1025 1747 1169 1808 maguum
1184 1729 1349 1809 Drungari·

254 1830 310 1874 nm
324 1809 445 1889 elassis,
466 1804 725 1868 Ameraliumete.
746 1806 826 1867 Vide
842 1807 1056 1892 Curopalatarn
1077 1809 1309 1872 etsoholiasten.

340 1885 633 1975 Πρωτοσὲβαστος,
653 1890 905 1970 Primaugustus.
947 1890 1074 1952 Nullum
1087 1894 1288 1955 ministerium
1300 1895 1351 1956 ha
1387 1925 1396 1937 ·

255 1975 323 2054 bet,
338 1977 411 2060 quia
423 1993 486 2036 non
503 1971 618 2033 fiinofio
636 1970 804 2054 estpnlatio
829 1972 981 2051 militans,
1010 1973 1063 2035 sed
1077 1974 1207 2057 dignitas
1223 1976 1350 2039 bonora-

257 2059 317 2202 Za,
332 2079 425 2202 Ἥ
438 2076 501 2200 pon
514 2055 673 2115 miniato-ii
693 2065 746 2119 aut
751 2055 866 2118 ordinis
878 2059 1037 2119 necessitas
1056 2055 1140 2138 saeit,
1159 2059 1211 2120 sed
1224 2063 1350 2145 impera·

293 2161 364 2202 nse
425 2161 492 2201 κα.

341 2222 458 2304 Μέγας
475 2215 730 2303 Χαρτουλάριος,
751 2220 889 2304 Magrus
908 2223 1129 2288 chartularius.
1158 2224 1282 2307 Equum
1295 2227 1349 2286 im·

256 2308 404 2390 peratoris
423 2327 442 2367 a
461 2315 677 2387 protostratore
702 2317 895 2388 ausoepmm,
917 2318 975 2368 etc.
1016 2307 1097 2368 Vide
1110 2328 1188 2389 quae
1209 2328 1300 2390 supra
1320 2311 1353 2370 in

279 2400 475 2453 rotostmtom
489 2388 570 2450 dicta
582 2400 665 2449 sunt.
697 2386 910 2450 Stallmaister
919 2391 1078 2451 Germanis
1096 2390 1156 2451 dici
1169 2402 1256 2471 putat
1268 2390 1351 2452 seho-

256 2413 358 2535 liastm
399 2474 532 2534 Zonaras
549 2474 581 2533 in
602 2473 705 2533 Leone
714 2471 840 2549 isauro,
862 2482 946 2533 tomo
958 2474 1047 2534 tertio
1060 2470 1238 2551 Annalium,
1254 2484 1350 2555 poste

256 2557 388 2620 rioribus
405 2555 592 2638 temporibus
613 2550 668 2616 τὸν
687 2551 750 2616 τῶν
768 2553 940 2635 βασιλικῶν
952 2549 1133 2633 ἱπποκόμων
1150 2553 1349 2620 summates

255 2660 298 2701 ω
323 2663 361 2724 ap
383 2638 506 2703 allatum
521 2638 626 2700 uadit.

379 2718 553 2806 ριμικὴριος
571 2718 687 2803 αὐλῆς,
716 2719 824 2784 Attae
837 2718 1050 2803 primicerius.
1104 2720 1205 2782 Habet
1225 2720 1347 2804 quidem

254 2810 289 2870 in
304 2808 545 2869 eimumstatione
571 2805 881 2880 administrationem,
904 2802 1025 2885 qualem
1046 2812 1116 2864 ante
1140 2804 1281 2885 diximus,
1302 2826 1347 2866 on

254 2893 328 2954 dine
340 2913 414 2953 varo
424 2889 554 2953 collocat
569 2891 660 2950 etiam
676 2908 793 2963 omnes,
812 2888 865 2968 qui
876 2887 908 2946 in
925 2884 994 2946 aula
1008 2896 1089 2947 sunt.
1112 2887 1158 2948 Ut
1172 2891 1252 2948 enim
1266 2890 1347 2970 prin·

254 2994 291 3037 oe
311 2995 326 3036 a
356 2977 485 3058 qirisque
514 2994 603 3036 suurn
633 2982 664 3032 et
685 2972 881 3031 eonstimtum
907 2968 1008 3029 locum
1027 2969 1066 3029 ad
1091 2971 1347 3033 circumstantium

254 2997 357 3120 habet:
381 3062 423 3120 sic
436 3061 526 3120 etiam
538 3056 670 3135 ordines,
680 3056 733 3137 qui
745 3056 777 3113 in
788 3050 858 3113 aula
870 3063 953 3134 sunt,
971 3051 1080 3136 singuli
1092 3057 1249 3140 proprium
1257 3074 1347 3117 mm

255 3141 357 3204 locum
370 3143 518 3204 obtinent.

338 3214 606 3307 Πρωτοκυνηγὸς,
630 3218 825 3283 Venetorum
839 3218 1001 3304 princeps,
1021 3219 1260 3299 Jiigermaister.
1290 3221 1348 3282 Im·
1379 3228 1384 3237 ’

254 3320 393 3393 peratore
410 3304 627 3368 eonsoendente
647 3324 773 3386 equum,
790 3323 879 3363 nemo
890 3300 966 3362 alius
980 3313 1100 3385 praeter
1118 3303 1200 3367 hune
1220 3306 1347 3387 stapiam

255 3405 350 3473 tenet,
364 3412 434 3453 eum
451 3407 593 3472 praesens
607 3397 664 3448 est.
712 3387 837 3448 Praesit
850 3407 924 3447 vero
943 3387 980 3447 iis
997 3387 1205 3466 venatoribus,
1226 3391 1280 3472 qni
1299 3410 1348 3449 eu·

253 3488 370 3540 ratores
384 3494 495 3536 canum
509 3468 712 3553 appellantur.
756 3468 847 3547 Quod
870 3470 896 3529 si
917 3469 1038 3552 qiiando
1052 3472 1254 3553 imperatoris,
1275 3493 1347 3532 eum

254 3582 288 3621 ιιι
304 3559 463 3620 venatione
472 3565 528 3631 est,
544 3563 658 3615 restem
672 3552 711 3614 ali
754 3556 958 3636 amsanguine
971 3556 1087 3637 aspergi
1101 3557 1347 3639 eontigerit,eam
1482 3592 1483 3605 .

255 3642 306 3704 hie
321 3651 448 3703 venator
461 3638 524 3699 aeci
546 3638 571 3698 it
583 3658 617 3697 ex
636 3637 713 3698 bene
751 3638 793 3698 io.

339 3716 496 3821 Πραίὲωρ
533 3715 771 3867 p'ttovfflroetor
779 3719 901 3803 populi.
924 3720 1047 3783 Nullam
1057 3721 1346 3783 administrationem

255 3804 348 3869 babet
364 3827 399 3867 m
418 3803 488 3867 aula
500 3826 538 3888 pa
551 3814 645 3886 auria,
667 3802 721 3865 sed
734 3824 768 3865 in
784 3803 881 3884 urbe,
902 3815 932 3866 et
944 3807 1092 3869 urbanam
1112 3804 1220 3867 solum.

683 4064 689 4081 .

1469 3774 1481 3841 i
