3000 4742
479 309 772 395 ιιιετοιιιιιιοιιΙ
796 312 839 374 ιι.
865 314 898 383 5.
1167 283 1253 398 339

163 499 217 541 ναι
237 468 293 538 καί
310 467 415 535 πάντα
434 457 634 555 πράττεσθαί
650 463 705 531 διά
724 467 806 547 σοῦ,
845 460 902 529 καί
924 453 1010 529 άκιον
1029 462 1164 554 παρῄειν
1181 470 1401 556 σιγῇΔ.0.ι3ι8
1495 546 1499 555 ,

163 569 218 639 τόν
234 567 368 655 χρόνον.
399 565 473 634 νυνί
491 569 527 632 δὲ
548 557 568 653 ᾗ
590 563 733 649 ἐβούλετο
755 566 813 629 τοῦ
839 562 921 628 θεοῦ
939 561 980 628 τά
1002 563 1176 651 πράγματα
1195 591 1253 633 κα.

162 669 389 755 συστήσαντος,
410 662 447 732 όν
466 659 508 731 άν
526 662 626 741 αότός
645 667 758 753 ἐθέλῃς
777 664 898 746 μάλλον
918 660 999 750 πρός
1019 661 1078 750 τὴν
1101 668 1253 752 όιοόιησιν

164 761 208 835 ὧν
232 768 312 856 ἔφης
342 764 536 856 πραγμάτων
558 763 648 831 ἑλοῦ·
692 764 730 830 οὗ
753 763 820 849 μὴν
845 764 952 853 ἐκείνῳ
970 761 1171 832 παντάπασιν
1186 769 1256 831 ε’πι-

143 871 279 954 5τρέιμαι
298 864 339 933 τά
357 864 527 951 πράγματα
546 864 609 951 χρὴ
619 916 630 946 ,
650 862 731 929 ἄλλά
751 862 809 928 καί
833 853 928 940 αὖθις
950 858 1046 929 αὖτόν
1060 864 1257 950 ἐφίστασθαι

163 978 230 1043 τοῖς
255 962 455 1051 ἀναγκαίοις,
488 964 545 1030 καί
569 962 669 1030 πάντα
698 961 902 1045 πράττεσθαί
925 986 978 1028 σοι
998 959 1080 1028 κατά
1110 960 1253 1048 γνώμην.

164 1064 250 1131 οότω
263 1065 323 1150 γάρ
342 1058 382 1130 άν
396 1065 485 1130 τότε
504 1062 677 1149 πράγματα
695 1060 957 1147 taeterrimum
974 1064 1095 1144 καλῶς,
1117 1060 1174 1127 καί
1192 1061 1254 1126 αό-

164 1165 219 1231 τόν
240 1158 423 1248 άναπαόλης
443 1159 610 1248 τυγχάνειν
632 1160 671 1226 ori
700 1163 817 1247 μικράς
838 1184 930 1239 τινος.
967 1155 1003 1227 Ὁ
1022 1163 1060 1225 δὲ
1079 1163 1178 1245 μόγας
1199 1163 1253 1225 ‹io-

165 1268 312 1347 μέστικος
328 1271 393 1338 τοῖς
413 1285 448 1327 τε
466 1264 645 1347 λεγομένοις
667 1262 813 1326 ἐπείθετο
830 1256 908 1346 πρός
928 1259 1100 1343 βασιλέως,
1121 1258 1178 1326 καί
1191 1274 1282 1325 rra-11

130 1362 400 1449 ιορακοιμιόμενον
429 1358 486 1428 τόν
508 1356 714 1444 ’Λπόκαυχον
736 1356 792 1424 ἐπί
812 1359 853 1447 τῇ
873 1358 1022 1444 διοικήσει
1045 1361 1110 1424 τεόν
1128 1363 1255 1446 εἰρημέ-

165 1486 228 1528 νων
247 1458 352 1549 ᾑρεῖτο
378 1457 578 1547 πραγμάτων
610 1462 667 1525 καί
684 1456 837 1543 βασιλεὺς
858 1459 1130 1544 συνεπεψηφίζετο
1149 1454 1255 1535 αάτός·

166 1555 366 1643 ἀποδειχθείς
387 1560 422 1625 δὲ
436 1559 499 1625 τῶν
512 1560 622 1625 κοινάν
635 1555 831 1646 πραγμάτων
843 1555 861 1622 ό
876 1554 1155 1643 παρακοιμάμενος
1175 1560 1256 1621 διοι-

167 1660 277 1746 κηιὴς,
304 1655 366 1724 όσα
379 1662 440 1740 μὲν
455 1650 496 1744 ἦν
517 1660 673 1743 ἀναγκαῖα
687 1656 743 1722 καί
765 1661 820 1742 τῆς
843 1657 901 1723 rosi
914 1654 1052 1740 μεγάλου
1071 1655 1254 1737 όομεστόιου

167 1758 298 1844 κρίσεως
317 1760 438 1839 ἐδεῖτο,
465 1758 567 1822 ταῦτα
587 1754 668 1842 πρός
684 1751 785 1823 αότόν
800 1753 942 1840 οἷνάγοοκ,
972 1747 994 1844 ᾖ
1016 1751 1114 1830 αάτὸς
1130 1756 1257 1840 ἐπέτρε-

131 1856 225 1923 ιδπεν
247 1852 433 1942 ἐπράττετο,
462 1849 485 1940 ἢ
501 1852 595 1938 μόνος
610 1849 633 1940 ἢ
647 1857 703 1921 καί
718 1853 801 1938 μετά
820 1855 975 1939 βασιλέως
996 1851 1067 1920 ἔνια
1091 1850 1256 1934 ἐξετάζων·

168 1953 192 2022 ά
213 1959 249 2021 δὲ
269 1954 308 2019 ori
325 1951 492 2038 τοιαῦτα,”
508 1960 781 2047 παρακοιμωμίκῳ
797 1958 903 2043 ε’φεῖτο
922 1953 1082 2043 πράττειν.
1118 1950 1198 2019 ‘Turi
1220 1956 1257 2018 tt

167 2052 222 2119 τόν
246 2049 343 2121 αὐτόν
365 2054 482 2139 χρόνον
505 2051 527 2118 ό
547 2051 698 2137 βασιλεὺς
718 2056 765 2130 εἰς
788 2058 930 2134 Κύζικον
955 2050 1155 2140 ἐπεραιοόθη,
1188 2045 1257 2133 ἅμα

165 2156 227 2237 μὲν
239 2152 300 2240 τὴν
313 2156 371 2239 τῆς
386 2148 580 2240 θεομὴτορος
602 2154 839 2241 ἀχειροποίητον
860 2154 983 2236 εἰκόνα,
1009 2149 1033 2238 ἢ
1050 2149 1130 2236 πρός
1149 2147 1205 2217 τόν
1221 2152 1256 2215 όν

164 2254 319 2341 Ὑρτακίιρ
342 2249 420 2318 ναόν
444 2246 502 2337 ἦν,
538 2249 779 2340 προσκυνήσων,
808 2248 878 2336 άμα
904 2255 940 2319 tt
966 2249 1180 2335 κατοψόμενος
1202 2251 1259 2316 καί

128 2356 222 2439 αυτὴν
237 2355 364 2439 χάραν,
387 2345 473 2417 οόπιο
496 2351 646 2441 πρότερον
667 2351 755 2419 ι’όιόν.
796 2349 831 2419 τό
855 2355 891 2417 δ’
907 2351 956 2420 ἔτι
973 2352 1094 2419 τούτων
1114 2350 1351 2435 alterive-Moe

168 2477 240 2540 ρον,
269 2456 323 2518 ἵνα
339 2450 392 2519 τόν
417 2454 561 2538 Φρυγίας
584 2446 724 2540 ἄρχοντα
756 2453 971 2539 Ταμηρχάνην
995 2449 1053 2519 τόν
1074 2450 1133 2516 τοά
1156 2452 1189 2515 Γ
1186 2450 1258 2535 ιαξῆ

167 2564 238 2631 ταῖς
256 2550 334 2619 κατά
351 2549 406 2618 τόν
429 2548 653 2640 Ἑλλήσποντον
669 2550 763 2641 ἓῴαις
777 2552 905 2620 πόλεσιν
928 2551 1123 2637 ἐπικειμενον
1144 2543 1258 2624 οόσαις

168 2649 317 2737 ὑπηκόοις
334 2657 469 2736 βασιλεῖ’,
490 2650 568 2738 πρός
588 2652 763 2737 συμβάσεις
780 2657 872 2742 πείσῃ
887 2656 1048 2740 χωρῆσαι·
1068 2645 1085 2716 ό
1103 2645 1256 2716 καὶκατὰ

169 2751 295 2835 γνώμην
311 2751 442 2816 ἐτελεῖτο
465 2756 597 2835 βασιλεῖ·
629 2747 692 2819 άπὸ
710 2752 773 2840 γάρ
794 2752 938 2831 Κυζίκου
957 2755 1003 2829 είς
1024 2745 1139 2836 Πηγάς
1164 2746 1256 2814 πόλιν

128 2847 225 2935 fieriu
242 2847 323 2914 κατά
349 2845 401 2916 τόν
425 2846 652 2938 Ἐλλησποντον
675 2850 799 2935 ἐλθών,
827 2859 1027 2935 μετεκαλεῖτο
1047 2874 1102 2914 τον
1126 2853 1256 2934 Ταμηρ-

171 3019 255 3072 etiam
274 3018 414 3072 nolentem
424 3027 531 3091 tempus
548 3021 703 3076 extraxisse.
718 3021 798 3075 Nune
810 3023 940 3092 quonium
954 3019 1029 3072 Deus
1043 3034 1099 3071 rem
1116 3014 1255 3086 publicam

169 3089 324 3143 ordinasset
340 3099 422 3160 atque
435 3093 629 3155 constituisset,
645 3094 705 3162 ipse
719 3095 812 3161 potius
827 3092 861 3145 ad
875 3110 915 3153 ea,
930 3107 1000 3162 quae
1015 3089 1183 3141 nominasset
1194 3102 1256 3136 mu-

168 3177 235 3213 nera
251 3158 380 3214 obeunda
395 3179 476 3232 quem
489 3163 573 3215 vellet
584 3162 732 3233 deligeret,
757 3163 801 3214 eui
817 3169 908 3215 tamen
924 3180 980 3214 non
995 3158 1158 3212 omnimodis
1172 3157 1254 3208 abso-

171 3230 285 3300 luteque
300 3246 342 3282 res
362 3233 571 3285 committendae
587 3235 656 3285 sint:
682 3235 730 3286 sed
753 3251 816 3285 euru
834 3250 926 3286 rurrus
946 3231 1105 3285 necessariis
1129 3242 1253 3313 praeesse

172 3309 201 3354 et
211 3302 303 3355 omnia
318 3317 351 3353 ex
365 3303 424 3354 eius
438 3301 542 3356 iudicio
557 3301 739 3357 administrari
750 3303 858 3357 debere.
894 3305 939 3357 Sie
956 3303 1029 3355 enim
1049 3307 1158 3371 negotia
1172 3314 1254 3368 prae-

172 3371 243 3424 elare
258 3380 382 3424 curatum
396 3374 432 3425 iri
450 3382 478 3426 et
494 3374 582 3444 ipsum
598 3384 642 3427 sat
658 3375 760 3446 qnietir
778 3382 994 3431 consecuturum.
1027 3369 1181 3426 Assentitur
1197 3385 1255 3419 rnu-
1332 3416 1337 3423 .

172 3459 239 3513 gnus
255 3442 419 3497 domesticus
437 3450 465 3496 et
480 3443 670 3514 Apocauelrnnr
683 3446 753 3499 sacri
765 3445 885 3499 cubiculi
897 3445 1063 3515 praelectum
1075 3440 1119 3494 hir
1133 3440 1254 3492 functio-

172 3511 255 3566 nibus
268 3512 323 3566 deli
342 3517 380 3579 it;
408 3516 556 3585 imperator
569 3524 663 3569 auctor
679 3516 718 3569 fit.
754 3512 930 3586 Apoeauchus
949 3524 1055 3570 oreatus
1073 3528 1162 3566 rerum
1180 3526 1254 3562 eom·

170 3584 294 3634 munium
309 3532 525 3649 ιόιαίοἰιλτελοτ,
553 3603 731 3658 quaecunque
747 3597 825 3641 erant
838 3589 989 3640 necessarie
1002 3603 1049 3639 seu
1062 3581 1173 3637 maioris
1192 3596 1254 3631 mo⁴

170 3654 275 3715 menti,
293 3663 321 3705 et
333 3655 452 3709 iudicem
467 3673 593 3728 magnum
610 3657 790 3712 domesticum
807 3657 993 3731 requirebant,
1018 3674 1050 3709 ea
1068 3654 1103 3707 ad
1116 3653 1193 3705 illurn
1208 3666 1254 3702 re·

171 3722 274 3784 serens,
290 3734 423 3794 qnatenus
441 3729 501 3798 ipae
517 3730 715 3791 committeret,
734 3729 868 3782 autsolus
883 3727 1045 3782 conficiebat
1060 3733 1183 3780 anteum
1200 3721 1254 3771 im-

171 3799 296 3863 peratore
314 3797 446 3863 quaedam
470 3797 643 3853 discutiebat.
688 3800 768 3870 Quae
784 3797 973 3853 huiuscemodi
995 3816 1052 3852 non
1077 3801 1171 3855 erant,
1195 3791 1255 3843 eius

172 3861 288 3915 arbitrio
301 3868 384 3918 transi
403 3869 473 3922 enda
486 3871 671 3938 permittebat.
693 3870 750 3925 sub
765 3871 838 3924 idem
853 3879 959 3940 tempus
973 3870 1119 3939 imperator
1129 3862 1256 3931 Cyzicum

172 3933 296 4018 traiecit.
321 3886 403 3989 simul
418 3947 450 3992 ut
465 3940 600 4010 Deiparae
611 3936 716 4013 si'gnum
728 3958 785 3994 non
796 3942 997 4003 manufactum,
1023 3941 1053 3992 in
1067 3934 1170 4006 templo
1182 3928 1257 4003 apud

170 4001 328 4069 firmorum
345 4017 508 4062 asservatum
522 4021 711 4065 veneraretur:
733 4011 815 4063 simul
830 4018 862 4064 ut
878 4009 1016 4081 regionem
1034 4007 1156 4062 nondum
1171 4004 1256 4056 virum

170 4072 299 4127 lustraret
316 4083 360 4139 et,
378 4079 454 4149 quod
472 4087 554 4151 caput
571 4090 644 4147 erat,
666 4090 699 4134 ut
722 4089 793 4134 satra
812 4098 856 4133 am
880 4098 928 4134 seu
974 4081 1108 4151 rincipem
1122 4074 1256 4143 Phrystiflss,

172 4142 384 4200 Tamerebenem
403 4148 505 4204 Giaxae
523 4152 627 4212 fllium,
661 4098 843 4204 orientalibus
860 4151 895 4205 sd
916 4096 1123 4222 Hellespontum
1139 4145 1256 4203 urbibus

171 4214 351 4269 Romanorum
367 4218 587 4286 incumbentem,
604 4221 639 4275 ad
654 4222 873 4293 pacificationem
891 4220 1053 4277 adduceret:
1081 4218 1156 4293 φοοδ
1173 4215 1257 4269 etiam
