3000 4742
249 296 343 356 XXIV
666 292 692 349 1.
720 285 898 352 tonitru

334 462 498 544 Coniugcrn
513 459 619 523 habuit
632 457 765 540 irenen,
794 456 962 521 Andronici
977 456 1087 519 Asanis
1106 458 1166 519 viri
1186 454 1326 520 illustris·

250 565 339 643 simi,
361 562 461 643 magni
474 559 579 641 ducis,
609 570 640 621 et
654 580 724 620 cum
738 558 916 620 Andronico
933 558 1050 619 seniore
1062 560 1240 640 cognatione
1252 579 1326 619 con·

248 665 342 726 iuncti
357 661 460 722 filiam.
500 659 580 721 Fuit·
593 661 674 723 enim
688 658 804 720 Asanes
825 678 960 745 esorore
975 656 1141 718 Andronici
1154 670 1251 720 natus.
1279 661 1326 722 Er

249 786 285 826 ea
299 759 419 824 sustulit
432 758 543 820 liberos
555 781 625 838 ser,
656 780 754 820 mares
768 770 849 837 tres,
874 757 999 818 feminas
1011 758 1149 819 totidem.
1191 758 1255 820 Illis
1269 781 1326 821 no-

247 865 330 926 mina
343 860 484 941 fuerunt,
513 860 703 938 Matthaeus,
736 858 876 939 Manuel,
907 857 1111 920 Andronicus.
1152 857 1255 941 Atque
1274 859 1325 922 hic

246 957 417 1047 postremui
429 963 479 1023 vix
493 961 705 1024 duodecimum
719 962 868 1042 attingens
882 979 1008 1037 annum,
1023 980 1093 1020 cum
1112 961 1180 1020 avia
1201 971 1327 1041 patema

248 1066 282 1124 in
306 1060 474 1123 custodiam
496 1061 605 1142 datus,
637 1060 831 1145 postmodum
852 1058 992 1143 pestifera
1015 1057 1065 1121 lue
1088 1080 1143 1141 per
1162 1060 1194 1120 id
1208 1071 1327 1143 ternpus

248 1172 402 1247 grassante
422 1163 555 1223 interiit=
585 1160 772 1245 reliquorum
793 1161 886 1243 opera
916 1160 998 1221 dorni
1033 1157 1165 1243 bellique
1196 1159 1327 1221 multurn

246 1282 320 1343 usus
350 1271 395 1323 est
424 1272 521 1345 pater.
574 1261 714 1343 Uterque
740 1260 867 1322 ornatur
893 1258 1034 1321 iaudbus
1055 1258 1110 1321 lib.
1139 1260 1171 1321 3.
1185 1281 1251 1342 cap.
1277 1259 1328 1325 28.

245 1360 420 1423 Matthaeus
442 1360 589 1423 Demetrii
612 1360 773 1444 despotae,
810 1360 864 1422 filii
887 1360 1055 1422 Andronici
1069 1361 1204 1421 ’nidoris
1225 1372 1328 1423 natam

243 1461 357 1522 'irenen
370 1478 495 1521 uxorem
511 1459 614 1521 duxit:
637 1482 715 1544 quae
727 1459 846 1522 lilios'ei
867 1462 984 1544 peperit
1006 1459 1102 1539 duos,
1120 1461 1276 1523 -Ioannem
1297 1471 1329 1524 et

246 1560 457 1623 Demetrium:
472 1584 474 1589 ’
490 1559 566 1621 filias
586 1570 707 1639 ternas,
733 1581 864 1643 quarum
883 1562 1100 1643 primogenitae
1119 1560 1249 1622 inditum
1271 1582 1329 1622 no·

246 1658 319 1722 men
334 1658 525 1721 Theodorae.
579 1658 767 1721 Matthaeum
788 1671 875 1743 pater
895 1663 1107 1741 imperatorem
1127 1662 1328 1738 renunciavit,

246 1756 389 1843 'deditque
411 1760 443 1820 id
460 1760 604 1844 precihus
624 1762 801 1842 praesertim
815 1761 978 1821 exercitus:
1006 1783 1098 1843 quern
1116 1772 1218 1822 tamen
1229 1762 1329 1821 loan-

245 1862 307 1919 nes‘
316 1858 513 1940 Palaeologus
529 1858 616 1919 heres
632 1858 782 1940 legitimus
805 1860 932 1940 imperio
947 1859 1032 1921 abire
1045 1862 1151 1942 coegit.
1194 1857 1329 1920 Manueli

244 1958 340 2021 filiam
354 1958 457 2041 Syrgis
472 1959 546 2038 (suit
569 1959 619 2019 hic
642 1957 826 2041 Cypriorum
847 1979 919 2040 rege
942 1962 1135 2041 procreatus)
1158 1958 1327 2044 despondit.

247 2058 307 2120 Sed
321 2057 353 2119 id
368 2058 552 2119 connubium
567 2058 677 2142 Syrges
700 2068 771 2118 ante
784 2060 906 2140 nuptias
920 2060 1054 2123 rescidit.
1082 2061 1172 2121 ·Post
1186 2061 1328 2141 Liberus,

244 2156 454 2220 Triballorum
480 2156 675 2242 dynastarum
705 2159 950 2241 potentissimus,
991 2157 1083 2221 liliam
1113 2182 1199 2222 stram
1231 2161 1329 2222 eidem

246 2256 382 2318 Manueli
397 2256 576 2341 desponderi
591 2261 694 2343 cupit,
718 2269 748 2320 et
763 2258 983 2341 despondetur,
1006 2271 1041 2320 ut
1054 2271 1099 2321 est
1112 2259 1192 2322 libro
1212 2262 1243 2322 3.
1259 2280 1327 2343 cap.

246 2355 299 2437 48.
343 2357 496 2420 Hactenus
510 2358 549 2420 de
558 2360 711 2433 maribus.
745 2352 921 2422 Puellarum
932 2361 1026 2421 tn'um
1038 2362 1162 2422 nomina
1176 2371 1246 2422 sunt
1260 2363 1329 2421 Ma·

246 2459 312 2535 ria,
337 2457 519 2538 Theodora,
552 2458 679 2520 Helena.
721 2458 858 2519 Primam
873 2459 1045 2542 Nicephoro
1059 2461 1181 2540 Dusae,
1206 2461 1328 2522 loannis

246 2556 398 2640 Despotao
410 2558 484 2638 filio,
495 2557 685 2621 Acarnaniae
696 2561 839 2643 principi,
854 2558 990 2620 nondum
1007 2562 1196 2643 septennium
1211 2580 1328 2642 egresw

246 2666 352 2737 pactus
367 2668 423 2718 est.
465 2657 755 2721 AlteramOrchani
770 2659 901 2741 Persae,
931 2681 985 2721 seu
999 2660 1118 2721 Turcae
1131 2662 1251 2743 potius,
1275 2660 1329 2721 Bi·

245 2755 370 2838 thyniae
384 2758 507 2819 domino
521 2760 664 2821 tradidit:
695 2763 781 2822 cuius
795 2761 903 2844 opibus
918 2782 983 2824 rem
1005 2782 1090 2823 suam
1114 2780 1328 2844 saepenumero

246 2860 425 2918 sustentavit
453 2869 543 2941 atque
567 2859 782 2923 constabilivit.
836 2861 1026 2923 Postremum
1048 2883 1117 2924 cum
1133 2862 1246 2922 Ioanne
1266 2859 1328 2922 Pa·
1440 2888 1445 2897 ·

246 2951 383 3040 laeologo
404 2959 605 3042 imperatore,
621 2982 770 3023 annorum
793 2962 964 3045 quindecim
987 2962 1186 3040 adolescente,
1201 2964 1328 3023 coniun-

245 3057 312 3136 xit,
341 3079 432 3140 quem
447 3058 551 3121 laudnt
565 3058 620 3121 lib.
638 3059 676 3143 4
687 3082 755 3144 cap.
776 3084 803 3123 ι.
845 3062 892 3123 Ex
906 3084 943 3124 eo
965 3064 1157 3123 matrimonio
1173 3061 1328 3121 Androni-

245 3174 320 3235 cus,
351 3159 495 3238 Manuel,
526 3161 676 3241 loannes,
706 3161 878 3223 Demetrius
892 3162 966 3242 filii,
997 3172 1027 3223 et
1041 3163 1129 3223 lrene
1142 3161 1203 3221 filia
1216 3179 1328 3241 propa·

247 3257 308 3335 gati
332 3268 415 3318 sunt.
458 3258 551 3320 Suam
574 3263 685 3343 cuique
706 3264 800 3322 trium
823 3261 954 3323 filiarum
975 3260 1158 3345 pecrdiarem
1180 3258 1329 3320 laudatio·

230 3373 316 3414 mem
326 3357 474 3438 impertit,
493 3358 672 3423 Throdorae
686 3361 741 3423 lib.
757 3363 787 3423 3.
803 3384 871 3446 cap.
887 3360 955 3446 95„
977 3362 1109 3424 Helenae
1131 3359 1236 3419 eodem
1249 3357 1328 3420 libro

245 3472 314 3535 cap.
334 3454 406 3534 34,
429 3459 563 3539 Mariae,
588 3482 665 3544 quae
685 3461 820 3524 adversis
839 3462 958 3525 casibus
980 3472 1105 3545 propter
1118 3480 1248 3541 aequam
1262 3479 1329 3520 rna·

243 3554 338 3614 ritum
352 3556 481 3637 iactata,
510 3560 632 3623 tandem
654 3582 690 3623 eo
712 3565 896 3626 occisorum
909 3574 1007 3625 matre
1020 3560 1329 3642 monachamuyzan-

244 3652 373 3736 tiiegit,
402 3653 456 3716 lib.
475 3656 508 3738 4
524 3680 592 3744 cap.
613 3659 665 3741 43.

327 3751 484 3839 Principio
505 3758 673 3822 Andronici
698 3764 748 3824 avi
774 3762 904 3824 cubiculi
932 3763 1009 3825 sacri
1042 3762 1229 3844 praepositus
1252 3758 1327 3820 fuitr

245 3851 353 3914 deinde
375 3855 542 3921 Andronici
563 3863 682 3945 nepotis
703 3864 798 3944 (euius
820 3863 941 3925 videtur
961 3862 1099 3943 coaevus)
1123 3882 1249 3944 magnus
1271 3859 1328 3919 do-

243 3952 397 4015 mesticus.
441 3957 603 4021 Thraciam
619 3961 787 4044 praelectus
812 3973 1012 4045 seu-praetor
1037 3962 1227 4045 gubernavit.
1255 3960 1329 4021 Fuit

240 4044 315 4112 ite'm
340 4056 479 4140 princeps
498 4058 623 4124 militiae
645 4063 875 4143 imperatoriae,
903 4065 967 4123 sive
987 4064 1143 4145 copiarum
1164 4061 1224 4122 dux
1241 4081 1325 4122 sum·

242 4169 329 4215 tuus:
364 4153 537 4222 Auctoritas
552 4163 634 4241 eius,
662 4171 793 4246 potestas
808 4172 838 4223 et
852 4163 1029 4224 existimatio
1043 4160 1247 4225 incredibilis:
1267 4164 1322 4239 ita,
