3000 4742
218 298 223 312 ·
275 281 357 346 210
590 315 626 364 a
681 269 959 335 munacuzmu

126 426 408 511 λίλιδτθΜιχαῆλ
424 427 459 491 δέ
481 421 500 490 ὅ
520 423 706 508 Λάσκαρις,
738 421 935 504 Μελενίκου,
966 418 1089 486 πόλεων
1111 421 1353 486 Μακεδονικῶν·

263 530 301 593 οἳ
316 525 355 612 δη
366 520 511 610 γυναικὸς
527 519 662 606 ἀδελφοί
692 513 777 596 ὄντες
791 523 844 586 τοῦ
857 516 1175 605 πανυπερσεβέστον,
1202 520 1354 604 γράμμα-

261 652 309 693 ·τα
325 628 482 707 πέμπουσι
499 617 577 707 πρός
599 643 634 684 τε
655 623 774 685 ἐκεῖνον
788 619 844 684 καί
858 617 916 704 την
933 617 1084 704 ἀδελφὴν,
1106 622 1276 705 προφανοῦς
1294 622 1355 700 μὲν

268 718 622 790 naturamnatural
637 720 873 802 κατηγοροῦντα,
891 715 1173 804 πρόφασινμέντοι
1192 717 1249 781 οδκ
1262 717 1354 799 dyes-

268 827 306 908 νῆ
333 845 403 887 τινα
429 842 626 905 παρεχομενα
647 814 805 899 ὑποψίαις.
836 815 946 893 λέξεων
969 840 1003 881 τε
1024 814 1085 900 γὰρ
1114 809 1266 901 εὖποροον
1286 811 1371 897 aits-5

272 917 430 1007 φιβόλων,
460 921 514 983 καί
540 918 649 1002 φιλίας
673 915 901 1000 ἀνεμίμνησκον
920 915 1059 998 ἀρχαίας
1081 913 1136 978 καί
1166 918 1352 999 συνδιατρι-

235 1023 343 1104 Ββῆς,
373 1020 428 1082 καί
445 1021 503 1080 τοῦ
525 1019 591 1080 δεῖν
609 1016 753 1099 ἀλλήλοις
770 1015 892 1100 Ιεὐνοεῖν
912 1006 1015 1078 ἄλλων
1034 1037 1069 1077 τε
1086 1017 1175 1078 ἕνεκα
1198 1013 1351 1079 πλειόνων

86 1155 95 1182 ι
269 1121 323 1184 κατ’
341 1114 479 1201 μάλιστα
495 1116 558 1179 τῶν
572 1115 607 1178 έν
621 1115 676 1197 της
692 1107 870 1195 συγγενείας
888 1111 1059 1195 ἐνεχύρων.
1087 1112 1160 1187 τούς
1180 1111 1221 1178 τοὶ
1242 1115 1352 1176 τοιαῦ-

12 1241 14 1270 t
175 1233 201 1285 Ρ.
210 1231 261 1288 1³0
269 1242 309 1282 τα
328 1215 433 1281 τοίνυν
450 1211 619 1300 γράμματα
646 1213 831 1292 κομίζοντας
856 1213 1052 1293 στρατιῶται
1072 1212 1278 1294 συλλαβόντες
1296 1234 1352 1274 κοι-

268 1313 308 1382 τοὶ
325 1311 383 1398 τὴν
416 1310 509 1393 δδόν,
541 1310 573 1375 οἳ
590 1302 673 1395 Ιη”σον
691 1310 741 1372 ἐπ’
766 1303 843 1373 αὐτὸ
866 1312 958 1374 τοῦτο
979 1312 1160 1391 τεταγμένοι
1179 1307 1391 1396 uvida-cerasa

263 1409 326 1488 τοὶς
348 1408 442 1486 ὁδους
467 1412 526 1474 τοῦ
554 1406 634 1494 πρός
668 1404 724 1472 τὸν
755 1406 1051 1493 πανυπερσέβαστον
1072 1412 1162 1474 ἕνεκα
1193 1412 1352 1491 πολέμου,

268 1513 324 1579 καί
334 1510 374 1577 τοὶ
398 1508 571 1594 γράμματα
594 1503 804 1593 ἀφελόμενοι,
832 1504 913 1592 πρὸς
930 1508 990 1588 μὲν
1009 1507 1184 1585 Βυζάντιον
1200 1504 1244 1583 οἷς
1256 1512 1352 1589 βασι·
1401 1564 1404 1568 .

267 1613 322 1677 λέα
342 1607 393 1675 τὸν
415 1607 627 1694 πρεσβύτερον
649 1602 690 1669 τὰ
708 1603 877 1689 γράμματα
899 1608 1027 1687 κομίσαι
1044 1600 1101 1669 oria
1119 1604 1257 1690 ἔγνωσαν
1275 1608 1352 1686 δεῖν,

265 1708 318 1776 τὸν
333 1707 433 1791 μέγαν
453 1708 619 1789 λογοδέτην
634 1701 675 1768 τὰ
696 1704 829 1786 μέγιστα
850 1704 939 1789 παρὰ
959 1709 1087 1786 βασιλεῖ
1103 1703 1278 1787 δυνάμενον
1298 1705 1351 1767 ss-

266 1804 413 1888 δοικὸτες,
433 1807 479 1880 εἰς
495 1802 725 1885 Διδυμότειχον
744 1803 781 1866 δέ
800 1796 898 1887 ἦλθον
915 1804 1061 1889 φέροντες
1083 1804 1127 1892 τῷ
1141 1805 1201 1892 νέιρ
1217 1803 1389 1886 tacitast

265 1901 431 1981 ἐπαινέσας
458 1905 494 1968 δὲ
519 1899 638 1977 αὐτους
663 1904 719 1984 τῆς
737 1903 892 1976 συνέσεως
909 1903 964 1965 κατ’
978 1895 1163 1984 cidonitae,
1196 1897 1353 1966 ἀπέλυσεν

268 1997 308 2070 asi
329 2003 462 2087 ποιήσας
487 1998 504 2063 δ
524 2000 690 2083 βασιλεύς.
730 1999 770 2063 τοὶ
793 2001 899 2082 μέντοι
916 1998 1090 2085 γράμματα
1111 2004 1157 2075 εἰς
1173 1997 1351 2078 Βυζάντιον

266 2105 310 2191 τῷ
325 2101 449 2189 μεγάλῳ
468 2101 596 2184 πέμψας
618 2102 784 2186 λογοθέτη,
821 2099 953 2185 παρῄνει
973 2121 1006 2163 το
1032 2098 1089 2163 καέ
1102 2095 1350 2180 συνεβουλεύετο

242 2200 350 2266 nutrit
376 2202 528 2287 φιλικῶς,
559 2199 604 2274 ὥς
621 2198 659 2265 τὰ
683 2200 743 2280 μέν
761 2197 1044 2283 γράμμοταταυτέ
1061 2200 1104 2285 τῷ
1120 2199 1254 2283 κηδεστῇ
1269 2199 1352 2277 πέμ-

267 2317 364 2382 ιμειαν
388 2299 418 2362 οἱ
434 2295 500 2363 υἱοί
512 2302 645 2382 γέμοντα
660 2301 777 2381 πολλῆς
801 2294 961 2377 ὑποψίας,
994 2295 1089 2362 αὐτὸν
1115 2298 1151 2360 δέ
1174 2297 1299 2360 ἐκείνων
1315 2316 1390 2358 τεκο

267 2390 343 2463 ὄντα
360 2396 480 2482 πατέρα
494 2397 548 2461 καί
561 2401 598 2485 τῇ
617 2396 783 2476 Ῥωμαίων
801 2393 949 2484 ἡγεμονίην
963 2393 1020 2480 τήν
1041 2393 1178 2479 δυνατήν
1193 2394 1351 2479 ὠφέλειαν

263 2489 434 2582 -ὄφειλοντα
449 2498 614 2581 εἰσφέρειν,
637 2490 690 2561 οἷο
705 2497 767 2560 τῶν
783 2499 852 2558 κατ’
867 2491 967 2578 ου’τὴν
982 2493 1174 2578 πραγμάτων
1189 2496 1232 2556 δι’
1247 2488 1348 2556 αυτοῦ

268 2596 507 2677 διοικουμένων,
543 2591 648 2678 χρεων
669 2596 805 2670 ἐκείνους
827 2616 861 2657 τε
887 2593 1146 2676 ἅπαθεῖςικακῶν
1169 2599 1275 2677 τηρεῖν
1295 2589 1351 2655 καί

266 2689 322 2777 την
335 2696 592 2779 προσδοκωμένην
615 2692 670 2757 ἀπ’
687 2692 794 2757 αὐτῶν
812 2694 1074 2777 προαναστέλλων
1090 2689 1231 2775 βλάβην.
1255 2691 1349 2754 τοῦτο

266 2853 414 2907 occidentis
434 2854 535 2924 oppida
552 2870 608 2905 non
626 2852 802 2904 mediocriter
818 2850 977 2919 perturbata
994 2856 1066 2907 sunt.
1109 2849 1165 2902 Sub
1185 2848 1257 2900 idem
1278 2855 1349 2898 tem·

216 2917 220 2927 ’
264 2942 315 3045 ηιμ
332 2941 347 2976 e
366 2925 432 2979 filiis,
450 2926 539 2993 magni
558 2923 713 2993 logothetae
728 2923 894 2985 Demetrius,
914 2928 1091 2990 cognomento
1101 2919 1228 2990 Angelus,
1241 2919 1350 2971 Strum-

285 2996 371 3058 itzae,
390 2994 509 3046 Michael
527 3011 590 3046 vero
611 2994 728 3045 Lasmris
747 2993 882 3043 Meleuico
897 2989 1073 3043 Macedoniae
1092 2989 1247 3042 civitatibus
1268 3005 1351 3056 prae·

263 3064 397 3116 sidebant.
433 3066 469 3117 Hi
485 3065 580 3116 fratres
594 3064 685 3117 uxoris
700 3060 946 3131 panlrypersebasti
972 3062 1077 3113 litteras
1092 3060 1126 3111 ad
1140 3077 1201 3111 eum
1215 3075 1350 3111 sororem·

263 3151 316 3204 que
336 3137 468 3196 mittunt,
488 3135 588 3204 quibus
608 3134 717 3185 illorum
737 3131 856 3184 desectio
869 3149 925 3183 uon
943 3129 1054 3200 quidem
1067 3139 1160 3199 aperte
1176 3127 1348 3198 arguebatur,

263 3204 366 3255 occasio
385 3212 475 3255 tamen
494 3204 650 3272 suspicandi
670 3220 725 3254 non
744 3202 810 3253 levis
825 3201 1015 3274 praebebatur.
1052 3202 1136 3252 Erant
1153 3198 1288 3268 siquidem
1303 3216 1349 3250 re·

264 3274 350 3324 sertae
366 3272 455 3323 verbis
475 3273 624 3342 ambiguis,
643 3275 797 3343 veterisque
816 3272 954 3323 amicitiae
975 3280 1003 3322 et
1021 3269 1224 3342 consuetudinis
1244 3286 1349 3320 merno-

263 3343 330 3400 riam
348 3342 526 3408 refricabam,
545 3357 576 3394 ae
595 3342 629 3394 de
647 3351 739 3394 mutua
760 3337 950 3393 benevolentia
969 3340 1131 3409 praestanda
1157 3339 1348 3401 admonebant,

251 3430 325 3464 -curn
347 3411 408 3462 aliis
429 3411 553 3479 pluribus
571 3412 605 3464 de
625 3405 726 3475 cnissis,
750 3420 808 3463 tum
834 3412 869 3462 ab
889 3412 1026 3463 vinculum
1044 3411 1182 3462 affinitatis
1209 3409 1348 3460 videlicet.

262 3482 365 3534 Milites
385 3490 495 3549 propter
513 3481 616 3534 bellum
634 3499 695 3533 eum
715 3480 962 3551 panhypcrsebasto
980 3483 1030 3532 viis
1055 3479 1240 3532 custodiendis
1288 3496 1349 3530 rae-

262 3552 359 3621 positi,
381 3551 540 3603 tabellarios
558 3553 755 3620 intercipiunt,
775 3551 879 3602 litteras
900 3552 1046 3616 eraserunt,
1063 3547 1120 3603 nee⁸
1132 3558 1222 3602 tamen
1242 3497 1285 3600 ad
1296 3551 1349 3600 im·

261 3631 414 3690 peratorem
438 3637 530 3673 senem
555 3623 675 3690 perferre
704 3620 820 3682 audent,
848 3620 922 3690 quod
949 3637 964 3671 a
989 3638 1084 3673 mano
1112 3620 1271 3691 logotheta,
1299 3619 1349 3688 qui

262 3689 334 3760 apud
353 3708 414 3743 euin
433 3692 580 3759 plurimum
600 3690 727 3753 ualebat,
743 3697 904 3744 metuerent.
943 3691 1011 3759 Ergo
1032 3641 1224 3759 llidymotiehi
1244 3688 1346 3740 iuniori

262 3777 305 3812 eas
324 3760 458 3813 redduntt
494 3778 561 3830 quos
581 3761 645 3821 ille,
665 3769 695 3810 ut
711 3760 817 3823 debuit,
839 3770 974 3830 tamquam
995 3763 1143 3831 prudentes
1163 3770 1191 3812 et
1210 3760 1347 3811 consultos

262 3829 384 3883 laudavit
406 3849 436 3882 ac
454 3830 563 3882 dimisit.
599 3831 749 3899 Epistulam
763 3848 827 3882 vero
848 3832 1006 3898 Byzantium
1027 3834 1060 3885 ad
1078 3848 1204 3902 magnum
1225 3827 1348 3898 logothe-

262 3908 317 3951 tam
334 3903 536 3964 transmitteus‚
555 3902 640 3953 amice
658 3903 766 3953 monuit
783 3918 813 3953 ae
832 3902 931 3963 strasit,
952 3910 982 3952 ut
1022 3905 1132 3955 uoniam
1152 3902 1201 3952 filii
1220 3902 1279 3951 eius
1299 3897 1348 3949 has

262 3969 366 4022 litteras
382 3972 621 4040 suspiciosissimas
634 3970 668 4022 ad
687 3971 790 4025 affinem
807 3971 952 4039 portandas
968 3922 1117 4036 dedissent,
1138 3973 1195 4041 ipae
1211 3979 1348 4040 tamquam

263 4053 355 4092 eorum
369 4058 475 4110 parens,
493 4043 637 4113 omniaque
656 4058 761 4094 summa
777 4042 862 4094 officia
881 4043 921 4093 rei
939 4042 1067 4110 publicae
1084 4046 1222 4094 Romanae
1236 4039 1348 4103 debens,

231 4165 237 4190 s
260 4109 380 4182 (quando
398 4128 447 4180 per
464 4129 526 4164 eum
545 4114 603 4163 eius
625 4129 666 4164 res
685 4111 960 4182 administrarentur,)
979 4120 1007 4163 et
1027 4113 1083 4164 illis
1100 4130 1115 4165 a
1133 4111 1204 4163 malo
1234 4118 1347 4172 caveret,

262 4190 291 4235 et
313 4182 467 4236 imminenti
491 4180 556 4235 huie
583 4180 747 4236 detrimento
765 4191 872 4237 mature.
887 4181 994 4235 obviam
1017 4184 1080 4239 iret.
1115 4181 1148 4235 Id
1166 4181 1234 4235 effici
1252 4194 1348 4249 posse,
