3000 4742
222 235 290 338 πί
696 261 903 329 rumocnt

261 415 442 490 Cisristopolis
470 413 686 490 destinatur(7).
714 417 870 475 Callinicus
887 417 928 475 ad
943 417 1051 472 &alem
1070 417 1257 474 Triballorum
1269 419 1351 491 prin·

259 490 345 558 cipem
363 486 397 542 de
414 490 547 544 societate
563 488 682 560 legatur.
718 488 846 560 Spondet.
865 491 963 546 Denuo
974 487 1104 552 deloco,
1123 486 1163 541 ad
1177 507 1257 560 quem
1270 492 1350 544 salu·

259 562 295 613 tis
313 555 434 613 tuendae
454 558 630 628 confugiant,
646 556 836 622 deliberatur,
856 573 884 613 et
902 557 1103 627 adrianopolis
1117 560 1283 630 praesisrtur.
1302 562 1351 613 In·

258 629 352 683 iuriae
370 630 422 680 avi
439 629 470 680 in
479 646 514 681 ne
532 640 602 681 otem
619 642 814 683 memorantur.
849 630 1019 701 Syrgiannes
1029 647 1044 681 e
1055 629 1177 682 Thracia
1190 643 1351 685 revocatur.

258 697 354 754 Adisuc
370 695 404 750 de
422 697 484 751 loco
493 648 594 771 ἧφι.
611 696 811 768 Adrianopolis
828 699 927 753 iterum
945 700 1067 768 eligitur.
1105 701 1261 764 Quaerunt,
1280 716 1352 772 quo·

258 764 339 823 mado
373 767 556 821 Constantino
576 769 619 821 oli
644 771 754 838 impune
786 781 888 821 exeant
920 768 969 841 (8).
991 769 1181 821 Pratostrator
1203 786 1293 822 senens
1318 771 1351 822 in

259 834 413 894 custodiam
445 785 631 900 trudendum,
656 840 827 908 Syrgiannes
854 842 968 892 omnino
998 835 1182 908 iugulandum
1205 836 1351 892 decernite

260 909 372 976 utrique
396 924 556 978 repugnasse
577 910 805 970 Cantacusenus,
826 910 859 960 in
879 912 972 981 prima
996 911 1151 971 sententia,
1179 903 1213 961 de
1230 909 1352 978 simplici

260 979 399 1040 discessu,
416 976 632 1045 permanendum
648 980 831 1050 pronuntiat,
849 978 1005 1049 Syrgianni
1014 990 1113 1031 contra
1123 967 1226 1032 ns‘tenti
1237 983 1352 1050 sapien·

260 1063 305 1102 tcr
329 1049 469 1109 occurrit,
496 1051 631 1118 simulque
655 1061 884 1118 protostratorem
902 1050 1007 1122 refellit
1020 1048 1069 1119 (9).
1092 1047 1183 1118 Nepos
1207 1047 1242 1100 al
1272 1048 1350 1101 osani

260 1115 428 1173 crudelitate
446 1120 477 1168 in
496 1135 580 1171 uuum
598 1117 767 1181 abhorrens,
790 1120 986 1173 Cantacuzeno
1003 1118 1160 1172 subscribit.
1193 1117 1268 1171 Idem
1286 1119 1353 1186 Syr-

261 1190 380 1261 3iannes
407 1201 435 1242 et
451 1199 641 1259 protostrator
648 1187 768 1260 fisciunt
809 1187 876 1272 (ιο),
905 1191 1108 1261 imperatricem
1128 1188 1350 1250 Cantacusenus,

260 1259 311 1331 qui
329 1270 355 1310 et
372 1275 488 1326 maguus
503 1256 685 1321 domesticus,
710 1259 832 1311 iunioris
851 1261 1028 1330 imperatoris
1053 1258 1196 1328 coniugem
1214 1259 1354 1312 Constan-

259 1328 381 1399 tinopoli
398 1326 609 1398 relinquendam
627 1329 720 1382 sentit.
756 1330 878 1398 uagam
902 1328 1094 1383 contostaulut
1120 1341 1148 1382 et
1168 1345 1284 1399 magnus
1309 1328 1354 1380 lo·

260 1398 373 1471 gotlseta
391 1397 555 1452 Metoclsites
580 1415 692 1451 causam
714 1401 824 1469 nepotis
846 1396 924 1469 apud
946 1418 1030 1454 auum
1053 1411 1142 1468 agunt
1162 1396 1227 1469 (ss).
1247 1396 1292 1450 Ad
1308 1398 1354 1452 iu·

260 1467 364 1523 dicium
386 1468 553 1522 arcessitur.-
566 1480 755 1539 protostrator
770 1485 831 1522 eum
848 1470 1013 1522 comitatur:
1035 1467 1197 1521 domesticus
1219 1484 1252 1520 su
1286 1485 1355 1521 rue-

262 1540 307 1593 nit
316 1548 431 1608 postea:
452 1539 484 1591 in
499 1538 609 1607 palatio
634 1537 668 1593 de
684 1534 826 1592 servando
847 1539 949 1592 iuuene
966 1540 1197 1591 sermocinamur.
1243 1486 1354 1592 diram

261 1609 387 1662 triremes
419 1624 438 1659 a
464 1608 653 1661 Geuuesuilsus
685 1610 784 1661 amicis
818 1608 998 1662 instruuntur
1009 1607 1074 1679 (ss).
1104 1608 1196 1679 Nepos
1224 1624 1354 1677 magnum

261 1676 436 1732 domesticum
452 1674 613 1748 findens,
631 1693 660 1732 se
677 1676 814 1732 desertum
832 1681 1028 1761 conqueritur:
1053 1694 1126 1749 quae
1143 1679 1261 1730 maxime
1279 1680 1354 1742 mult,

159 1774 160 1781 ¹
261 1745 349 1802 audit.
387 1747 500 1800 Citatur
515 1744 549 1801 de
566 1748 676 1818 integro
695 1747 731 1801 ab
751 1764 807 1801 auo
826 1742 866 1798 ad
885 1746 1037 1801 iudicium:
1056 1750 1161 1800 amicos
1176 1745 1217 1800 ad
1228 1746 1356 1818 fidelita-

262 1830 315 1872 tem
337 1818 393 1870 sibi
408 1818 440 1868 in
454 1817 581 1886 periculo
596 1814 795 1887 praestandam
812 1815 950 1872 humatur.
988 1818 1199 1871 Cantacutenus
1216 1830 1244 1871 et
1257 1831 1355 1888 proto·

261 1900 369 1942 stratos·
393 1887 488 1940 omnia
510 1886 699 1954 pollicentur:
726 1883 766 1937 ad
783 1885 921 1955 palatium
954 1884 1165 1957 deducunt(s3).
1191 1887 1235 1940 Ili
1259 1905 1355 1943 coram

263 1958 398 2030 episeopis
415 1967 447 2007 ut
462 1954 596 2024 superius
612 1966 641 2009 et
657 1954 768 2009 rebellis
786 1973 805 2006 a
824 1971 889 2009 sene
906 1969 1063 2009 accusatur.
1099 1957 1190 2025 Negat
1207 1975 1236 2010 se
1252 1960 1355 2012 taleme

261 2030 288 2081 si
295 2026 460 2098 fiscinorwn
478 2025 594 2077 istortsm
611 2036 765 2094 compertus
774 2024 880 2095 fiterit,
898 2026 948 2077 uel
965 2024 1113 2095 capitalem
1128 2043 1246 2095 poenam
1263 2029 1356 2082 liben-

263 2111 309 2153 tes·
330 2106 521 2165 accepturum,
553 2106 581 2148 et
597 2111 681 2147 auum
700 2107 731 2147 ut
754 2094 980 2147 conussnaliosuns
1005 2092 1225 2165 redarguitol).
1259 2097 1356 2152 Amici

264 2164 320 2221 duo
329 2164 408 2236 jocis
427 2163 572 2218 clamorem
593 2161 758 2227 audientes,
775 2179 938 2217 succurrere
958 2159 1071 2233 parant.
1108 2165 1198 2219 Senes
1214 2167 1356 2234 quiescit,

265 2249 295 2291 et
311 2235 408 2306 nepoti
432 2230 607 2286 conditiones
623 2233 688 2306 sert
704 2244 844 2305 quotuor:
872 2230 913 2285 ad
925 2235 1053 2302 singulas
1070 2232 1292 2307 respondetoi),
1307 2253 1357 2306 pe·

263 2303 325 2361 deus
342 2307 401 2359 eius
415 2320 521 2373 monus
535 2302 688 2357 osculatur.
724 2303 823 2373 Fingit
833 2300 883 2356 ille
897 2320 925 2355 se
943 2305 1171 2358 reconciliaturus
1186 2306 1270 2358 inani
1284 2322 1357 2375 gau·

266 2373 314 2430 elio
338 2373 491 2430 saulum.
534 2373 651 2429 iubetur
669 2373 702 2425 in
717 2371 935 2442 Peloponnesum
958 2375 1116 2443 praefectus
1142 2374 1221 2429 abisa
1239 2392 1356 2444 magnus

265 2443 448 2510 doutesticus3
475 2460 549 2510 quae
575 2442 661 2496 iussio
678 2444 812 2514 quoniam
826 2440 959 2510 fraudem
974 2443 1085 2505 olebat,
1112 2441 1184 2516 quid
1206 2458 1275 2515 agat
1293 2462 1355 2498 cum

265 2516 351 2570 sociis
369 2514 518 2567 camultat.
556 2514 715 2567 Coniics'tut·
732 2529 808 2566 mens
825 2513 900 2564 senis
923 2511 1011 2575 haec,
1029 2526 1061 2567 ut
1079 2515 1147 2585 ipsis
1167 2516 1257 2586 specis
1272 2531 1356 2585 prae-

257 2585 434 2659 fecturarum
457 2581 617 2645 distractis,
636 2598 736 2636 noces-s
754 2582 870 2635 liberius
902 2599 937 2639 ac
946 2582 1069 2653 fiscilius
1085 2587 1191 2653 possit.-
1215 2603 1273 2637 non
1297 2602 1357 2640 esse

265 2656 383 2713 salutern
411 2651 604 2724 negligendam
614 2653 679 2723 (16).
696 2658 721 2707 A
739 2653 852 2705 iuniore
879 2648 921 2704 ad
938 2668 1029 2705 senem
1048 2671 1101 2722 pro
1125 2656 1290 2726 impunitate
1310 2673 1356 2707 so·

266 2730 373 2782 ciorum
390 2724 496 2795 legatio
513 2720 693 2784 decernitur,
740 2740 803 2777 uam
823 2721 989 2775 Metoclsites
1006 2724 1088 2776 certis
1113 2722 1147 2778 de
1166 2726 1259 2778 causis
1276 2725 1355 2779 obire

265 2795 410 2852 detrectat.
445 2795 478 2849 Se
498 2797 577 2847 uitur
583 2793 701 2865 frivola
718 2740 863 2847 domestici
879 2792 1040 2856 excusatio,
1061 2811 1113 2848 cur
1130 2813 1148 2848 a
1164 2795 1355 2865 Peloponneso

266 2866 425 2951 allsorrtet.
462 2813 629 2948 Oliurpatus
644 2863 680 2917 al
699 2864 885 2946 imperatore,
917 2864 949 2914 in
970 2862 1137 2917 Thessaliam
1161 2865 1271 2948 iubetur
1286 2883 1355 2936 pro·

259 2931 1359 3074 ltili.t¹tt'.”.‘5ti·:::⁰t.‘l.;zltlzl:lxit‘'i.fftdi.”:.lfizl5;t

265 3081 442 3150 praefectura
468 3071 620 3128 mandatur
652 3073 718 3143 (17).
735 3072 881 3142 Scriptura
906 3067 945 3124 ad
964 3072 1096 3126 lectulum
1113 3075 1251 3138 inuenta,
1270 3092 1355 3145 nepos

266 3149 402 3214 Byzasstio
428 3142 533 3198 decimo
547 3145 631 3198 tertia
652 3139 798 3198 Kalendas
832 3143 943 3204 Maias,
975 3145 1120 3197 comitatus
1152 3159 1357 3218 protostratore

265 3218 418 3289 paucisque
440 3213 578 3276 samuelis,
607 3232 667 3268 cum
691 3211 807 3268 canibus
837 3225 865 3265 et
890 3212 990 3266 auibus
1008 3216 1186 3277 venatoriis,
1206 3213 1356 3286 adsugasss

266 3280 917 3420 illitis*53“‘‚⁰-:{’..‘⁸i“¹‘.'3i;.‘⁴l;llrlzl
925 3286 1116 3405 ‘itt-'titi
1128 3286 1357 3423 liliam

267 3394 422 3479 dsscenddm
440 3373 548 3478 mpiltere
564 3371 677 3479 uulltga
695 3442 750 3495 quo
775 3409 904 3483 docetur,
930 3421 1053 3475 laborem
1080 3424 1192 3475 inanem
1211 3424 1355 3495 jarem).

267 3493 453 3550 interdicitur
467 3495 610 3558 omnibus,
630 3511 665 3548 ne
682 3505 805 3564 nepotem
824 3492 935 3544 nomine
949 3493 1123 3561 imperatoris
1141 3491 1289 3563 afficiant,
1308 3492 1356 3548 de·

267 3566 449 3637 claraturque
471 3563 572 3627 hastis,
597 3577 625 3619 et
648 3580 707 3618 cum
722 3563 855 3636 factione
872 3578 924 3614 sua
946 3579 964 3614 a
981 3562 1090 3629 piarum
1107 3565 1295 3617 communione
1313 3582 1356 3616 se·

269 3634 403 3693 disditur.
437 3635 477 3687 At
503 3652 535 3689 eo
561 3631 661 3688 deinde
685 3650 782 3703 pacem
803 3648 888 3685 senen
911 3632 988 3701 petit·
1032 3631 1131 3701 Legati
1157 3634 1189 3684 in
1205 3630 1356 3687 discrimen

267 3708 403 3761 veniunt:
420 3718 449 3759 et
467 3704 508 3758 itt
523 3706 642 3759 alterius
657 3719 789 3773 praesens
802 3713 886 3773 atque
897 3702 1076 3755 inconcussus
1095 3702 1211 3755 animus.
1230 3705 1356 3773 Benigno

268 3792 329 3831 atem
350 3791 481 3859 responso
507 3770 759 3841 dimittuntur(s9).
790 3768 929 3824 Postridie
953 3772 986 3823 in
1012 3771 1133 3824 concilio
1165 3790 1223 3842 pasc
1245 3790 1356 3829 retusa·

267 3860 334 3907 tur,
371 3863 402 3898 ns
419 3844 515 3898 senior
532 3845 647 3916 imperio
667 3840 765 3896 cedat:
787 3836 873 3892 datur
889 3853 981 3895 umen
998 3856 1102 3911 opera,
1120 3852 1151 3893 ut
1168 3844 1193 3894 s's
1211 3844 1356 3899 imminens

265 3914 420 3986 periurium
435 3912 578 3971 declinare
593 3912 689 3984 possit.
722 3910 871 3964 Exercitus
892 3913 964 3985 mire
982 3922 1048 3962 auct
1065 3912 1228 3976 Byzantium
1244 3927 1356 3982 petere,

268 4002 320 4040 '¹³⁶
344 3982 749 4110 ‘¹'·tt”t.f¹⁸t.‘.''⁰“'‘’..”.‘
763 3977 1306 4114 ..filallfssfil'sslzlilff‘lll
1329 3982 1355 4036 ¹

266 4052 452 4187 ιςψέῧοιηα
463 4070 787 4195 acclamantem
814 4136 904 4174 senem
941 4133 1099 4183 raemonet,
1123 4134 1155 4173 ut
1172 4123 1227 4177 sili
1243 4070 1356 4177 edum

298 4211 389 4269 agnus
412 4192 577 4253 uassucas
598 4193 635 4249 al
658 4188 866 4266 oppugnatione
884 4138 963 4246 aslis
978 4188 1215 4266 damnaturus)
1237 4193 1356 4249 Palaeo-
