3000 4742
476 269 758 336 ursuouuuuu
775 257 802 333 t.
823 272 875 341 ιο.
1093 331 1098 344 ,
1121 273 1199 332 aar

135 425 212 489 σθαι
227 418 310 507 χρῆ.
348 414 399 483 διδ
421 413 460 502 dri
481 416 537 483 καί
555 416 683 506 σφόδρα
702 440 761 484 σον
782 418 913 500 δέομαι,
931 422 1080 504 βασιλεῦ,
1100 425 1131 490 ιί
1146 426 1350 505 tristentur

110 510 200 587 ὀἷόν
224 540 278 599 το,
309 518 485 582 καταλῦσαι
509 518 569 602 τῆν
596 513 720 604 ἔχθραν
746 517 803 582 καί
824 513 884 603 τῆν
903 518 1030 603 εἰρήνην
1048 517 1206 607 μῦλλοκῆ

133 614 185 683 τόν
203 614 339 698 πόλεμον
359 609 505 682 ἑλέσθαι.
535 617 567 681 εἰ
584 617 616 679 δ’
633 613 688 681 ἰπὶ
705 618 853 680 τοσοῦτον
872 612 902 680 οἱ
920 617 985 680 τῶν
1003 623 1208 704 συκοφαντῶν

132 711 267 798 ἰσχῦσαν
286 709 392 797 λόγοι,
413 709 488 779 ὥστ’
505 716 563 795 ἐμὲ
581 709 682 780 πολλοὶ
703 716 777 801 περί
796 711 920 800 εἰρήνης
939 713 1081 797 δεόμενον
1100 711 1208 784 σῖνόιιν

114 814 238 897 ὅμηδὲν,
258 808 293 877 τό
308 833 343 894 ys
360 811 503 898 δεύτερον
522 810 650 878 ἰκετεῦσι
657 856 670 894 -,
690 814 745 877 ἐπὶ
762 812 822 877 σοῦ
838 807 905 894 ἅμα
921 810 978 877 δύο
993 807 1015 898 ἢ
1032 815 1088 880 καὶ
1104 818 1236 900 τριοίνυ

131 909 265 977 ἐλθόντα
284 911 483 997 δικασθῆναι.
502 906 561 977 κόν
579 913 638 994 μὲν
656 907 866 993 οἷπολόσοομαι
884 909 944 987 τοὶς
963 911 1080 993 αἰτίας,
1106 917 1207 990 καλῶς

131 1003 170 1075 δν
189 1007 279 1093 ἔχοι·
298 1001 339 1073 όν
357 1009 388 1074 δ’
406 1003 525 1075 οἶδικιῦν
543 1006 611 1075 itai
630 1009 685 1073 καί
702 1009 863 1094 ἐπιορκῶν,
883 1011 947 1075 τῶν
962 1011 1093 1096 μακραῖν
1106 1010 1208 1075 ιῖπαλ-

131 1108 249 1197 λαγῆσῃ
269 1102 390 1190 κιόνων,
410 1104 498 1192 ἔχων.
512 1111 548 1177 ἰν
565 1106 661 1194 χερσί
677 1105 734 1175 τόν
753 1108 941 1191 σίδικοῦντα,
965 1108 1021 1174 κατ’
1037 1106 1082 1195 μῆ
1102 1113 1206 1198 paron,

133 1202 214 1292 πρός
235 1205 333 1272 αῦτοῦ
350 1209 439 1290 θεοῦ,
459 1201 543 1274 dett
562 1202 696 1273 κόλασον
716 1205 811 1285 ἆξίως
829 1209 893 1272 τῶν
911 1206 1153 1294 ἁμαρτημάτων.
1177 1209 1210 1273 ιί
1324 1211 1327 1224 ’
1394 1201 1399 1212 ’

99 1306 171 1374 redd
185 1300 233 1388 μῆ
253 1299 343 1370 τοῦτό
364 1327 415 1369 σοι
435 1303 584 1393 ἄριστόν,
604 1302 639 1370 τό
662 1302 757 1370 αὐτόν
776 1305 833 1387 ἐμὲ
853 1301 908 1369 tut
922 1307 981 1370 σοῦ
1000 1306 1134 1371 ἐλθόντα
1155 1308 1206 1370 δι-

133 1403 309 1486 κασθῆναι,
340 1393 409 1467 ἄλλ’
436 1399 454 1467 ό
480 1407 579 1488 μέγας
607 1403 788 1485 δομέστικος
813 1402 889 1486 γοῦν
907 1400 1010 1469 ἒλθιόν
1030 1406 1206 1484 δικαζέσθω

133 1498 211 1586 ῦπίρ
234 1502 321 1581 ἐμοῦ.
341 1494 401 1566 κόν
419 1504 474 1568 καί
492 1499 585 1580 αῦτδς
605 1501 680 1589 dissi,
701 1500 740 1565 τοὶ
762 1497 883 1582 ἔσχατα
902 1495 1099 1581 ῦπομσνδιω·
1128 1501 1206 1568 πόν-

133 1624 195 1676 τως
215 1600 260 1664 ,δὲ
287 1599 380 1666 οῦδὲν
406 1590 500 1687 ἧττον
518 1593 689 1685 diffluens}
710 1600 741 1663 εἰ
760 1594 853 1674 αῦτὸς
871 1599 908 1665 ἰν
926 1600 971 1688 τῷ
991 1597 1113 1680 σοόματι
1132 1601 1208 1685 rips-

134 1697 257 1786 στόμην
276 1697 317 1765 τοὶ
337 1698 457 1765 διινό.υ
501 1702 637 1766 Τοιαῦτα
665 1701 724 1780 μὲν
743 1693 892 1780 βασιλεῦς
919 1694 1027 1774 ῦνέος
1051 1699 1211 1764 ἐπέστελλε

99 1799 215 1884 ιόπρός
239 1795 294 1886 τόν
321 1797 448 1864 καίνισον
473 1797 529 1863 καὶ
554 1798 706 1880 βασιλέα·
741 1795 798 1861 καί
821 1791 837 1860 ό
858 1797 957 1878 μένος
976 1795 1012 1860 δὲ
1032 1797 1212 1879 δομέστικος

134 1899 268 1962 τοιαῦτα
288 1891 419 1981 ἔγραψε,
440 1893 582 1978 δεόμενος
607 1891 681 1981 περὶ
697 1895 768 1960 ’τοῦν
788 1887 909 1959 airus·
935 1944 945 1976 ‚
975 1893 1102 1980 ρότιστε
1120 1900 1244 1977 βασι-Ρ.
1252 1907 1306 1970 137

135 1997 204 2075 λοῦ,
225 1990 391 2081 ἀμφότερά
411 2019 447 2060 σε
467 1994 573 2077 οἴομαι
592 1997 704 2082 σαφῶς
724 1997 892 2059 πεπεῖσθαι
911 1996 985 2077 περί
1004 1996 1092 2075 ἐμοῦ,
1112 1991 1160 2060 ὅτι
1178 2020 1213 2061 τι

135 2090 284 2170 εῦνοϊκιῦς
303 2094 462 2176 διάκειμαι
481 2096 536 2161 κατ’
554 2099 668 2181 φιλιως
685 2079 763 2179 περί
778 2114 814 2156 σε
833 2092 889 2157 καί
912 2090 1039 2169 οῦδονός
1063 2116 1117 2158 σοι
1136 2095 1213 2157 doo-

134 2191 239 2258 λοῦειν
257 2185 347 2278 ἧττον
366 2190 535 2280 αἱροῦμαι,
565 2192 685 2258 τοῦτον
710 2190 885 2267 ἀποδείξεις
901 2190 1012 2277 σαφοῦς
1035 2193 1101 2256 τοῦν
1129 2218 1212 2278 πρα-
1276 2251 1278 2256 .

97 2289 263 2376 αονμότων
281 2294 317 2357 ἐν
335 2298 461 2367 πολλοῖς
487 2292 757 2377 παρασχομένων,
785 2291 840 2353 καλ
868 2281 919 2352 ότι
943 2284 999 2373 τῆν
1026 2288 1212 2375 κοινῆντιῦν

132 2387 296 2471 Ῥωμαίων
314 2385 521 2471 εῦδαιμονιαν
541 2389 578 2454 οῦ
598 2391 661 2455 τῶν
682 2379 781 2453 όντων
799 2383 917 2470 μόνον,
939 2379 1019 2451 ἀλλὰ
1039 2389 1094 2452 καί
1113 2381 1211 2473 αῦτῆς

137 2492 219 2576 ζωῆς
238 2487 411 2575 προθόμοος
431 2487 625 2574 ἀλλαξαίμην
643 2479 694 2553 dr.
714 2487 786 2553 νυνί
806 2488 842 2552 δέ
860 2505 896 2552 σο
916 2483 1002 2571 δροῦν
1017 2487 1237 2568 ἰξοῦδιμιῦςυ

136 2586 241 2664 αἰτίας
259 2584 374 2653 λόοντα
393 2589 453 2671 μὲν
471 2587 528 2665 τὰς
547 2584 693 2669 σπονδὰς,
714 2584 897 2672 ιόρμημένόν
912 2585 949 2650 δί
964 2589 1118 2666 πολεμεῖν,
1137 2585 1215 2671 σφό-

139 2687 202 2770 δρα
218 2686 278 2767 μὲν
298 2686 382 2769 δλγῦ
400 2684 455 2752 καί
473 2683 691 2774 παραπλήσιον
709 2683 869 2767 θανάτοιν,
897 2682 957 2760 τὰς
976 2683 1159 2771 συμφορὰς,
1181 2682 1220 2749 αδ
1328 2675 1332 2680 ⁴

138 2872 265 2944 profesto
281 2889 337 2927 non
359 2873 450 2934 aliud.
467 2893 547 2948 quam
565 2877 692 2930 ultimum
709 2873 784 2929 illius
801 2875 917 2928 exitium
940 2889 990 2943 par
1014 2880 1056 2926 est
1081 2872 1215 2930 arbitrari,

131 2944 234 3014 rQuare
254 2951 281 2996 te
298 2961 340 2995 ma
377 2962 457 3014 opere
476 2964 586 3018 quaeso,
603 2948 757 3017 imperator,
777 2948 801 2997 si
818 2954 907 3015 potes,
924 2943 1082 2996 iuimicitias
1099 2941 1216 3009 depone,

139 3021 169 3066 et
184 3030 282 3083 pacem
300 3013 345 3066 bel
358 3033 374 3066 o
393 3025 535 3088 antepone.
571 3017 620 3070 Sin
638 3007 863 3070 calumniatorum
878 3014 991 3067 voculae
1013 3010 1087 3081 apud
1103 3018 1133 3063 te
1151 3018 1218 3062 tan-

140 3091 198 3136 tum
215 3085 377 3145 valuerunt,
396 3095 522 3159 utquam
541 3088 648 3155 saepius
665 3087 750 3157 petivi
770 3102 877 3155 pacem,
896 3082 1017 3137 nondum
1035 3081 1216 3141 obtinuerim,

140 3155 236 3205 saltem
254 3154 308 3207 hoo
326 3154 393 3208 mihi
411 3157 525 3226 largire,
546 3171 659 3224 precor,
685 3164 718 3207 ut
734 3155 842 3206 duobus
875 3162 923 3205 aut
946 3152 1034 3204 tribus
1054 3153 1213 3212 comitatus,

140 3224 214 3293 apud
230 3231 259 3276 te
279 3241 385 3277 causam
404 3224 497 3279 dicam.
533 3226 562 3279 Si
580 3225 692 3279 crimina
710 3225 853 3287 refellero,
870 3223 941 3276 bens
959 3220 1089 3275 habebit:
1107 3223 1213 3290 siper-

140 3294 205 3346 iurii
223 3295 433 3366 iniustitiaeque
452 3295 590 3348 damnatus
610 3297 705 3358 fuero,
729 3303 760 3347 tn
778 3294 907 3346 diuturna
924 3292 1049 3344 molestia
1074 3291 1213 3343 liberabu-

141 3366 194 3427 ris‚
210 3381 287 3418 reum
305 3365 433 3418 manibus
450 3373 560 3420 tenens:
578 3366 622 3417 cui
641 3371 671 3417 ut
687 3381 723 3417 ne
741 3381 851 3434 pareas,
870 3361 919 3415 sed
937 3379 987 3432 pro
1007 3377 1039 3414 ιο
1058 3377 1089 3413 ae
1112 3361 1214 3413 scelera

141 3435 199 3486 eius
216 3443 357 3489 merentur
373 3436 453 3488 illum
475 3437 590 3506 punias,
605 3451 655 3505 per
670 3436 758 3486 Deum
776 3441 804 3486 te
822 3450 877 3486 oro.
913 3434 962 3485 Sin
978 3439 1070 3483 sutem
1085 3448 1141 3484 non
1154 3430 1215 3500 pia·

141 3512 200 3568 oet,
223 3512 256 3556 ut
272 3507 331 3574 ipse
349 3523 475 3576 praesens
492 3506 584 3558 abste
602 3511 744 3575 praesente
761 3503 880 3567 iudicer,
904 3509 932 3555 at
950 3518 1045 3572 magno
1065 3500 1214 3553 domestico

142 3575 234 3626 sitias
252 3592 282 3628 se
302 3576 362 3628 loeo
380 3594 442 3629 meo
460 3577 563 3628 sistere.
598 3575 689 3648 Quiri
707 3583 735 3627 et
753 3575 811 3644 ipse
824 3572 1005 3634 damnabitur,
1023 3572 1216 3624 atrocissimam

160 3660 256 3696 uenam
275 3647 408 3699 exsolvat:
428 3662 482 3718 qua
500 3647 580 3715 plane
596 3663 652 3698 uon
670 3646 760 3697 minus
776 3644 885 3706 dolebo,
894 3659 974 3715 qnam
992 3642 1016 3694 si
1031 3657 1215 3711 corporemeo

140 3661 220 3765 dilam
238 3718 412 3784 excepissem.
448 3717 520 3768 Haec
537 3719 682 3785 imperator
698 3713 790 3766 iunior
806 3714 840 3767 ad
860 3729 938 3766 avum
965 3713 1088 3783 scripsit:
1116 3711 1217 3783 quibus

145 3799 269 3852 germana
286 3786 367 3838 etiam
386 3803 497 3857 magnus
514 3786 677 3838 domesticus
696 3784 739 3837 his
759 3785 867 3837 verbis:
898 3786 1048 3853 Utrumque
1069 3780 1138 3845 tibi,
1162 3783 1217 3833 im-

144 3863 253 3921 perator
269 3858 382 3924 optime,
399 3857 631 3926 persuasissimum
648 3854 739 3917 credo,
756 3863 785 3907 et
801 3854 936 3907 benevolo
954 3861 1036 3922 atque
1053 3852 1139 3903 amieo
1159 3866 1219 3903 esse

147 3938 192 3973 me
210 3932 269 3994 erga
284 3934 313 3978 te
333 3928 434 3989 animo,
455 3927 489 3979 ad
506 3926 637 3998 obsequia
654 3935 701 3979 tua
715 3926 925 3995 paratissimum,
942 3921 1015 3992 quod
1027 3921 1109 3974 rebus
1124 3937 1220 3989 saepe-

101 4003 103 4006 ·
148 4008 260 4045 numero
278 3996 350 4049 clare
368 3995 556 4060 demonstravi,
574 4004 602 4048 et
616 4014 665 4066 pro
680 3996 815 4048 communi
824 3995 1001 4046 Romanorum
1015 3991 1147 4044 felicitate
1163 4008 1220 4042 non

147 4061 289 4115 facultates
301 4064 432 4120 duntaxat
456 4083 528 4120 meas
537 4103 547 4129 ,
575 4083 668 4119 rerum
689 4073 717 4118 et
739 4066 826 4135 ipsam
848 4063 966 4115 animam
984 4062 1152 4132 perlibenter
1168 4061 1221 4113 im·

147 4151 302 4204 pensurum.
335 4139 414 4193 Nune
426 4142 492 4264 spplia
507 4153 597 4204 cerno,
612 4146 641 4190 te
660 4137 719 4188 sine
735 4151 815 4187 causa
828 4130 924 4185 foedus
942 4132 1046 4185 solvere
1056 4139 1085 4184 et
1100 4130 1134 4183 ad
1149 4145 1221 4181 arma

148 4221 340 4276 prorumpere,
356 4209 429 4264 inere
480 4210 525 4263 ilis
541 4225 585 4261 ma
603 4206 680 4261 dolor
694 4203 890 4276 propemodum
917 4204 1067 4266 exanimat,
1092 4198 1220 4278 conside·

614 4330 623 4342 V
