3000 4742
512 283 792 350 ursromsauu
821 290 861 352 ιι.
882 291 934 358 νο.
1180 263 1262 378 487

191 437 317 521 ἰδιώτης
331 434 492 517 Ῥωμαῖον
512 436 663 527 δδικὴση,
683 433 746 502 dud
766 440 829 505 τῶν
845 437 1022 524 προσόντων
1043 440 1131 532 adrui
1150 442 1328 529 sappi-AS.
1344 453 1410 522 ¹³³4

190 559 254 601 των
280 530 302 620 ἢ
331 532 519 620 πραγμάτων
533 535 597 620 την
622 539 734 621 ζημίαν
754 538 985 621 ἀπολαμβάνειν
1005 539 1060 607 τόν
1086 542 1264 626 Ῥωμαῖον.

189 627 229 700 ἐν
248 636 284 700 δέ
302 637 359 699 καί
376 636 416 720 τῇ
433 637 576 724 βασιλείᾳ
596 634 765 718 Ῥωμαίων
783 635 841 720 την
862 636 976 720 ζημίαν
998 643 1127 728 προξενῇ
1162 637 1185 727 ἢ
1206 645 1261 727 νη-

188 755 244 799 σον
264 726 484 820 διαρπαζωνῆ
503 732 593 798 πόλιν
612 733 684 800 τινὰ
705 734 859 819 παράλιον
880 727 901 819 ἧ
919 759 949 800 τι
969 738 1092 822 ἕτερον,
1119 741 1171 805 τὸν
1193 738 1263 807 ἴσον

169 833 303 918 ὅτρόπον
326 826 389 896 aiod
410 836 473 899 τῶν
492 832 617 898 ἐκείνων
635 832 796 918 κτημάτων
815 833 871 900 καί
888 833 1092 919 πραγμάτων,
1113 839 1144 903 εί
1156 841 1267 906 πολλοὶ

187 927 250 997 εἶεν
269 927 292 1016 ἢ
312 926 375 1014 εἷς,
402 931 458 1018 τὴν
479 934 592 1017 ζημίαν
612 933 838 999 ἅποτίννοσθαι
857 940 998 1019 βασιλεῖ,
1027 934 1126 1000 αὐτὸν
1147 938 1183 1001 δέ
1201 955 1287 1022 ψη·

187 1032 338 1118 φιζεσθαι
364 1034 509 1114 πολέμιον
539 1034 583 1120 τῷ
612 1032 701 1121 δήμῳ
721 1035 777 1098 καί
802 1032 839 1120 τῇ
859 1037 976 1122 βουλῇ,
1012 1035 1067 1100 καί
1085 1034 1289 1121 στρατείεινῦ

187 1132 237 1195 ἐπ’
257 1131 372 1196 ἐκεῖνον
390 1127 435 1206 ὥς
455 1123 587 1196 ἄπιστον
608 1130 663 1196 καί
681 1128 835 1219 προδίντην
856 1134 913 1198 τοῦ
933 1137 1054 1200 κοινοῦ.
1080 1127 1118 1199 οὗ
1140 1132 1179 1219 δη
1200 1136 1265 1200 ἓνε-

188 1253 227 1291 κα
247 1226 302 1293 καί
319 1231 451 1310 βασιλέα
469 1228 637 1316 πρεσβείαν
656 1227 735 1316 πρὸς
753 1234 785 1298 Γ
781 1231 910 1298 ἐννουαν
930 1226 1166 1316 ἐπεσταλκέναι,
1186 1226 1264 1298 ὥστε

151 1325 230 1413 rous}
248 1323 345 1409 μόνον
363 1325 404 1392 τοὶ
423 1327 564 1414 κτήματα
584 1327 674 1411 ἐμῶν
693 1329 754 1395 τῶν
771 1331 940 1415 χρημάτων
955 1333 1043 1395 ἓνεκα
1057 1321 1102 1395 ὧν
1123 1325 1264 1396 οἶνάλωσε

185 1430 327 1508 πολεμῶν
345 1426 423 1508 ὑμῖν
443 1432 654 1514 παραλαβεῖν,
684 1423 765 1493 ἄλλα
788 1430 845 1492 κατ’
864 1426 1002 1514 τριήρεις
1020 1431 1165 1493 κελεῦσαι
1185 1433 1264 1511 πίμ-

184 1539 248 1606 ιμαι
265 1530 339 1590 καθ’
359 1525 449 1608 ὑμῶν
469 1523 609 1590 κατὰτὰ
630 1525 816 1610 συγκείμενα
837 1525 896 1592 καὶ
918 1523 991 1603 τούς
1012 1518 1142 1609 ὅρκους.
1181 1523 1261 1593 ὥστε

184 1625 219 1688 ἐκ
238 1626 271 1689 Γ
267 1621 393 1701 εννοιλας
413 1625 451 1688 osi
469 1622 569 1706 μόνον
588 1622 770 1710 ἐπικουρίαν
792 1622 961 1707 οδδεμίαν,
989 1618 1068 1689 ἄλλα
1100 1628 1154 1689 καί
1172 1624 1260 1691 πόλε-

184 1745 244 1802 μον
263 1725 319 1787 καί
336 1721 488 1788 ἐπίπλουν
506 1726 681 1813 προσδοκρῖν
701 1723 774 1809 χρη.
801 1719 851 1789 ὅτι
871 1726 907 1788 δέ
926 1723 981 1789 κατ’
998 1712 1063 1789 miv
1082 1725 1263 1808 ἐπιτηδείων

147 1823 241 1888 tiaris
268 1844 303 1884 τε
332 1822 447 1899 ἐνδεεῖς
475 1822 546 1887 ἐστε
572 1826 628 1887 καί
649 1826 722 1906 μετ’
751 1822 854 1908 ὀλίγον
873 1824 1029 1906 ἐπιλείψει
1048 1826 1206 1898 παντελῶς
1223 1819 1263 1886 si-

182 1925 264 2003 μιλς,
283 1921 318 1999 ἐξ
337 1919 443 1986 udonis
463 1911 503 1985 du
522 1946 570 1998 τις
590 1925 653 1988 τῶν
672 1919 864 2007 πραγμάτων
883 1922 1079 2007 ἀληθέστατα
1098 1922 1263 2008 τεκμήραιέ

182 2043 236 2088 το.
279 2018 309 2083 oi
328 2017 388 2105 γὰρ
410 2022 606 2097 ἐξελαθέντες
624 2024 679 2088 τοῦ
695 2013 804 2098 ἄστεος
824 2020 882 2109 ἐφ’
904 2018 993 2105 ὑμῶν
1008 2020 1185 2104 Ῥωμαῖοι,
1216 2011 1262 2086 dr

182 2112 275 2183 αὗταί
293 2116 334 2182 τοὶ
354 2119 516 2204 ἐπιτήδεια
537 2120 686 2203 λαβόντες
704 2124 844 2207 χρῆσθε,
876 2118 911 2186 τέ
932 2123 1048 2204 μίτραν
1065 2123 1120 2204 τῆς
1139 2121 1360 2204 τροφῆςΜθλ

181 2215 262 2303 πρὸς
281 2215 317 2282 τὸ
339 2219 403 2282 τῶν
421 2221 689 2303 πολιορκουμένων
711 2224 833 2304 πλῆθος
858 2219 1064 2303 λογιζόμενοι,
1090 2215 1173 2295 ἐνιδς
1195 2215 1262 2283 ἐλί-

142 2339 240 2400 αογου
257 2315 376 2400 χρόνον
396 2314 584 2382 παντάπασί
598 2342 696 2404 φασιν
714 2317 800 2401 ὑμᾶς
819 2317 856 2384 soi
880 2319 964 2384 σιτία
986 2318 1166 2399 ἐπιλεδμειν.
1197 2320 1262 2383 λεί-

181 2439 273 2479 πεται
296 2411 335 2500 δι’]
358 2416 438 2497 μίοιν
468 2411 693 2481 δπολειπεσθαι
721 2418 834 2482 ἐλπίδα
860 2414 1035 2503 σωτηρίας,
1060 2412 1095 2480 εδ
1126 2416 1260 2499 βασιλέα

180 2511 405 2604 ῥρθυμὴσαντα
428 2509 450 2602 ἢ
471 2512 525 2581 διὰ
545 2511 580 2583 εδ
600 2518 665 2584 τῶν
683 2515 934 2602 ἀναλισκομένων
955 2515 1074 2604 πλῆθος
1089 2514 1260 2605 χρημάτων

179 2698 217 2750 tis
235 2702 307 2752 euim
324 2702 483 2771 planissime
501 2704 588 2773 pactis
607 2710 635 2756 et
654 2703 821 2767 foederibus,
839 2719 987 2777 quaecum
1004 2703 1121 2755 liomano
1141 2699 1257 2770 imperio

179 2777 288 2821 senatus
313 2774 484 2844 populusque
502 2775 667 2826 Genuatium
690 2776 762 2843 pacis
792 2792 870 2826 eausa
893 2775 976 2836 iecit,
999 2780 1108 2842 praeter
1125 2772 1180 2822 alia
1203 2770 1258 2821 hoc

184 2840 265 2890 etiam
290 2843 441 2905 contineri,
468 2851 499 2896 ut
518 2861 659 2897 commune
683 2847 802 2914 ipsorum
827 2862 883 2895 nou
906 2842 988 2894 modo
1014 2843 1119 2893 nullum
1138 2843 1257 2891 Βοιαοιιο

182 2909 298 2978 imperio
318 2910 510 2964 detrimentum
534 2913 694 2965 damnumve
718 2915 867 2982 importet,
899 2914 922 2964 si
948 2913 1050 2964 nullam
1067 2910 1135 2962 belli
1156 2910 1257 2961 occasi-

181 2995 263 3032 onem
282 2982 403 3045 dederit,
422 2983 468 3033 sed
491 2983 513 3034 si
559 2984 600 3034 uis
620 2984 702 3034 etiam
719 2986 840 3052 privatus
864 2985 1010 3033 Romanum
1028 2979 1180 3051 quempiam
1200 2980 1258 3029 lao-

180 3051 264 3113 serit,
284 3059 314 3103 ut
332 3051 366 3103 de
383 3001 600 3119 possessionibus
618 3060 664 3104 aut
683 3052 860 3105 facultatibus
879 3052 1067 3103 eiusllomauo
1087 3050 1185 3100 mulcta
1203 3048 1259 3099 sol-

181 3129 268 3173 vatur.
305 3122 354 3174 Siu
373 3122 487 3193 imperio
498 3125 616 3174 Romano
636 3122 845 3175 detrimentosus
863 3122 996 3182 extiterit,
1016 3127 1062 3173 aut
1078 3119 1192 3169 insulam
1213 3123 1260 3168 aut

170 3193 345 3249 ,maritimam
365 3191 460 3243 urbem
481 3200 528 3244 aut
546 3193 621 3244 aliud
640 3192 786 3261 diripiens,
814 3201 845 3244 ut
871 3191 963 3243 eadem
981 3188 1139 3242 ratione.de
1165 3203 1258 3241 eorum

181 3262 400 3332 possessionibus
418 3272 465 3315 aut
482 3262 674 3325 facultatibus,
693 3280 740 3315 seu
759 3264 849 3332 plures
872 3279 920 3313 seu
949 3277 1019 3312 unus
1038 3259 1177 3311 dumtaxat
1194 3258 1256 3309 iue-

181 3334 234 3394 rit,
253 3333 411 3402 imperatori
429 3333 541 3385 satisfiat
557 3335 671 3403 ipseque
691 3351 706 3385 a
725 3340 821 3385 senatu
838 3333 996 3402 populoque
1018 3329 1155 3382 Genuensi
1172 3327 1257 3380 bostis

180 3403 333 3465 iudicetur,
356 3411 385 3454 et
411 3420 483 3455 arma
509 3404 538 3455 in
559 3404 637 3455 illum
657 3411 686 3456 ut
706 3402 840 3472 pertidum
858 3420 889 3455 ac
906 3401 1073 3471 reipublicae
1091 3397 1259 3468 proditorem

180 3476 328 3542 capiantur.
365 3473 450 3526 Cuius
468 3476 508 3526 rel
523 3475 609 3543 gratia
624 3482 653 3526 et
670 3477 858 3543 imperatorem
877 3473 911 3524 ad
924 3473 1080 3523 Genuenses
1095 3470 1258 3538 legationem

178 3545 283 3595 misisse
301 3546 406 3602 nostis,
424 3562 479 3596 non
497 3545 584 3598 solum
604 3553 636 3596 ut
653 3545 752 3598 fundos
772 3551 800 3595 et
825 3543 904 3595 villas
922 3551 1023 3594 vestras
1042 3540 1076 3592 ad
1096 3538 1257 3591 reficiendos

182 3621 318 3681 sumptus,
336 3614 400 3665 dum
416 3615 554 3666 uobiscum
573 3615 735 3685 belligerat,
752 3614 880 3666 toleratos
897 3613 1030 3682 recipiat,
1049 3608 1097 3662 sed
1115 3626 1160 3660 eos
1178 3612 1256 3661 insu*

179 3699 231 3752 per
247 3682 281 3733 ad
298 3685 419 3736 triremes
437 3683 586 3738 secuudum
605 3694 738 3739 conventa
757 3692 785 3736 et
803 3685 954 3736 iuramenta
971 3689 1064 3733 eontra
1080 3694 1125 3729 vos
1143 3680 1256 3729 rultteu-

180 3752 229 3804 das
249 3752 396 3822 impulisse.
460 3757 614 3808 usmobrem
642 3773 697 3807 non
724 3754 878 3823 subsidium
899 3752 1011 3814 Genua,
1036 3749 1083 3802 sed
1106 3747 1209 3799 bellum
1228 3755 1257 3800 et

179 3822 288 3874 hostilia
306 3821 475 3894 adnavigatso
494 3828 578 3896 magis
597 3825 778 3896 exspectanda
794 3824 870 3877 vobis
881 3831 930 3875 est.
965 3823 1048 3873 Porro
1066 3825 1094 3869 et
1109 3820 1196 3870 rietus
1210 3820 1256 3869 in·

179 3894 245 3964 opia
263 3908 309 3944 vos
327 3893 463 3955 laborare,
487 3898 624 3967 pauloque
643 3905 706 3966 post
723 3893 798 3967 quod
814 3892 955 3946 haesitetis
970 3907 1025 3942 nou
1049 3888 1204 3952 babituros,
1222 3904 1256 3939 ex

180 3982 210 4016 re
226 3965 285 4034 ipsa
303 3961 366 4014 duci
383 3975 568 4034 argumentum
587 3967 766 4019 certissimum
786 3971 883 4034 potest
920 3961 996 4030 Quos
1015 3960 1087 4012 enim
1106 3958 1171 4010 urbe
1190 3975 1256 4010 exe·

180 4035 257 4103 gistis
276 4034 406 4095 Romani,
425 4051 594 4106 quorumque
613 4037 750 4088 alimentis
769 4033 911 4094 surisadai,
935 4046 1085 4082 mensuram
1111 4028 1256 4080 alimoniae

180 4121 241 4155 curu
260 4103 429 4155 obsessorum
447 4107 623 4159 msiltitudiue
642 4103 848 4165 contendentes,
866 4104 938 4153 intra
955 4100 1037 4154 breve
1050 4108 1155 4168 tempus
1167 4098 1256 4149 omui-

178 4172 268 4229 modis
284 4182 435 4227 commeatu
455 4191 502 4234 lus
521 4176 651 4231 mrituros
664 4177 808 4230 altirmuut
843 4174 913 4244 Ειρο
929 4169 999 4225 bueo
1010 4187 1063 4224 una
1081 4185 1142 4241 spes
1159 4167 1254 4221 salutis
