3000 4742
439 228 761 373 ·n1snon1an1m
793 232 834 296 ιι.
864 235 918 302 ao.
1166 198 1253 315 559

166 384 208 453 τὰ
225 384 335 470 βελτίω
341 384 466 450 πείθειν
479 381 698 468 συμβουλεύει,
715 387 881 467 „modom”
901 377 968 451 elur
978 385 1132 468 „soterice
1147 384 1397 467 lineamentis

168 482 205 561 ὃς
222 482 375 568 μάρ,’τσύ
395 477 490 569 ‹prior›
508 484 688 565 τεθνεῶτος,
707 482 753 570 μὴ
771 481 846 560 τούς
866 482 975 572 φιλίας
989 491 1085 570 τηρεί
1098 478 1284 566 θεσμούς,ῦ

168 576 258 658 οὗτος
277 583 354 647 οάδέ
373 585 489 662 ζεύντσς
508 576 548 667 ἦν
569 583 661 668 φιλας
679 577 834 669 distic?
862 581 943 670 πρὸς
960 586 1020 665 μέν
1042 577 1102 649 σύν
1122 579 1178 648 ιύν
1197 584 1257 664 μία

168 709 227 769 γαν
247 682 430 766 δομέστικον
450 677 543 748 ούδὲν
562 679 611 747 ἔτι
630 677 717 750 εἶπεν
723 735 734 766 ,
769 678 868 759 odrae
894 685 1057 768 έμβριθούς
1085 678 1259 769 ἀποκρινά·

148 787 330 879 5μενον.τῇ
343 780 440 866 μητρὶ
452 783 488 846 δέ
502 774 603 847 αύτού
618 780 810 866 προσελθών,
829 779 940 849 rolino
954 784 1110 866 ἐπεχείρει
1123 785 1258 862 πείθειν,

167 884 315 964 οἰόμενος,
332 874 372 946 ἀν
386 879 505 965 ταύτην
513 887 619 946 πεῖσαι
633 883 767 968 δυνηθῇ,
787 879 823 945 τύ
836 880 1086 964 σπουδαζόμενον
1100 881 1259 967 ἦνυκένσι,

163 977 287 1155 ‘ode
300 973 341 1045 ύν
353 979 551 1054 ἀπειπόντος
564 981 621 1045 τού
636 976 711 1044 vioe
726 976 787 1061 ύ,τι
797 972 838 1045 ἀν
851 983 890 1070 τῇ
902 983 1001 1067 μητρὶ
1014 983 1120 1064 δοκοιή
1133 984 1189 1047 καί
1199 985 1259 1045 λυ·

160 1098 164 1107 ·
239 1082 290 1155 λές
311 1075 391 1160 ύμού
415 1080 469 1144 καί
497 1080 637 1144 δίκαιον.
680 1077 725 1156 oia
743 1080 781 1144 δέ
805 1082 860 1144 καὶ
877 1087 953 1165 παρ’
969 1076 1088 1164 ἐκείνης
1108 1081 1165 1165 τῆς
1187 1077 1258 1165 ἴσης

171 1176 281 1261 ἔτυχεν
302 1177 472 1267 ἀπολογίας
492 1170 514 1262 ἢ
531 1175 587 1242 καί
602 1171 855 1265 αύστηροτέρας,
889 1176 934 1264 μὴ
959 1182 1091 1244 τοιαύτα
1112 1178 1259 1244 κελευού-

136 1296 230 1362 ιοσης
245 1277 480 1360 συμβουλεύειν,
499 1272 523 1342 ἀ
536 1273 582 1362 μὴ
594 1279 753 1364 συμφέρει
767 1275 912 1365 πράττειν
926 1273 983 1342 τύν
997 1275 1076 1359 υἱὸν,
1099 1280 1259 1354 παντελῶς

172 1375 325 1458 ἀπέσχετο
337 1372 392 1460 τῆς
404 1377 533 1460 πείρας.
560 1374 579 1440 ὅ
593 1378 691 1461 μέγας
706 1379 742 1442 δέ
762 1378 942 1460 δσμέστικος
955 1374 1038 1462 δρῶν
1050 1368 1109 1462 ἤδη
1127 1377 1260 1459 βασιλέα

171 1474 207 1538 έν
220 1477 289 1562 χρῷ
303 1470 450 1539 κινδύνου
463 1478 658 1560 καθεστῶτα,
672 1474 727 1542 καὶ
739 1473 875 1543 συνιδιδν
888 1470 932 1552 εύς
944 1473 1088 1558 μάλιστα
1102 1476 1289 1559 προσῆκσνλ)

172 1575 237 1638 τῶν
249 1576 405 1657 βασιλέως
416 1574 537 1640 notor
551 1573 702 1662 πρόνοιαν
713 1574 910 1662 ποιήσασθαι
922 1576 1042 1661 καὶτῆς
1057 1574 1168 1660 ἀρχῆς,
1179 1566 1261 1641 ''Ar-

144 1712 148 1718 ·
172 1694 210 1758 νη
223 1673 263 1758 τῇ
272 1672 414 1754 βασιλίδι
425 1671 609 1758 προσελθών
622 1673 785 1764 θρηνούση
800 1679 856 1741 καί
873 1671 1061 1775 ὀδυρομένη,
1074 1670 1114 1756 „d
1130 1675 1190 1755 μὲν
1198 1696 1261 1738 πα·

137 1767 262 1855 ιὸριύν”
277 1765 345 1836 εἶπε
364 1770 496 1858 ,μσιρδς
518 1772 556 1837 ού
578 1775 716 1851 πένθους
733 1777 810 1842 οὐδὲ
830 1773 975 1860 δακρύων
995 1768 1075 1839 εἶναι
1089 1794 1146 1854 μοι
1166 1775 1262 1840 δοκεῖ.

173 1863 305 1956 ύστερον
316 1868 376 1957 γὰρ
389 1871 466 1957 ἡμῖν
478 1874 612 1958 ἐξέσται,
625 1875 656 1940 εἰ
665 1872 711 1959 μη
729 1871 807 1953 θεὸς
824 1873 995 1954 ἀπαλλάξει
1008 1874 1066 1959 τῆς
1081 1874 1263 1959 προσδοκω-

176 1971 273 2052 μένης
300 1973 468 2058 συμφορᾶς
508 1975 602 2040 ἵλεων
634 1971 711 2060 ἡμῖν
729 1968 853 2041 ἀνωθεν
884 1972 1081 2057 ἐπιβλέψας,
1111 1971 1263 2057 ἀδυρμιὸν

175 2068 231 2130 καὶ
251 2067 397 2153 δακρύων
415 2069 678 2153 ἀναπίμπλασθαι
704 2070 785 2141 κατὰ
820 2074 948 2158 σχολήν·
990 2070 1029 2137 τύ
1051 2075 1089 2140 di
1107 2073 1166 2138 νύν
1189 2070 1263 2153 ἔχον

174 2159 263 2230 εἶναί
278 2189 336 2248 μοι
353 2168 441 2233 δοκεῖ
455 2173 610 2256 προσῆκον
621 2170 802 2258 ἀσφάλειαν
820 2169 1018 2257 ποιήσασθαι
1027 2174 1091 2237 νῶν
1108 2171 1264 2253 βασιλέως

138 2266 311 2333 τοπαιδων.
351 2265 492 2350 μάλιστα
514 2272 574 2352 μέν
607 2268 669 2356 γὰρ
698 2265 812 2336 σύδένα
836 2272 1003 2354 Ῥωμαίων
1027 2267 1264 2355 ἐπιβουλεύσειν

178 2361 304 2431 οἴεσθαι
342 2364 437 2452 ἡμῖν,
465 2371 605 2450 μάλιστα
639 2370 750 2450 ζιύνισς
780 2372 863 2454 έμού
887 2373 944 2437 καί
968 2365 1121 2456 παρόντος
1146 2365 1264 2432 ἐνθάδε

176 2465 245 2529 νύν·
283 2468 314 2531 ελ
343 2468 374 2530 δ’
400 2457 465 2554 ἔρα
485 2470 578 2533 uois
627 2471 699 2535 ύτον
717 2468 859 2556 συμβαίη
878 2492 937 2557 τι,
959 2470 1083 2553 βέλτιον
1110 2462 1185 2553 περὶ
1202 2463 1265 2530 σού

177 2558 278 2648 μόνην
294 2559 380 2630 εἶναι’
393 2589 450 2648 μοι
465 2564 522 2652 τήν
537 2591 580 2654 φρ
635 2569 707 2651 ίδα,
726 2570 783 2634 καί
808 2567 853 2655 μὴ
874 2567 1000 2636 πάντων
1015 2562 1096 2652 ὅμού
1116 2556 1176 2631 κατ’
1188 2564 1362 2653 ποί-μω)

253 2731 294 2785 ¹9·
312 2717 449 2785 βασιλέων
464 2719 617 2791 legebatur.

183 2839 224 2895 le,
242 2835 340 2904 Cosso,
357 2840 461 2912 inquit:
481 2843 531 2915 qni
548 2844 621 2896 enim
639 2845 728 2897 amico
747 2850 854 2897 mortno
874 2843 948 2914 leges
973 2840 1109 2895 amicitiae
1126 2855 1185 2892 non
1201 2854 1262 2892 ser-

181 2914 242 2969 rat,
261 2906 308 2962 hic
337 2927 388 2963 nco
408 2913 467 2967 vivo
484 2929 546 2966 vere
566 2915 668 2967 amiens
685 2921 749 2968 erat.
787 2914 833 2968 Sic
851 2913 1029 2985 dpoosoclrus
1054 2912 1184 2982 gravitate
1217 2926 1262 2962 re·

181 2980 273 3044 sponsi
292 2981 557 3055 deterritus,magao
576 2984 725 3036 domestico
743 2986 872 3037 molestus
885 2997 943 3038 csse
959 2983 1051 3036 desiit
1085 2981 1140 3035 Sed
1148 2988 1264 3033 matrem

181 3048 241 3098 elus
259 3055 439 3115 conveniens,
451 3055 523 3108 idem
541 3055 585 3106 ilii
598 3054 761 3123 persuadere
781 3054 940 3118 nitebatur,
956 3061 1045 3117 ratus,
1070 3053 1094 3105 si
1117 3050 1147 3104 id
1165 3066 1262 3103 consc-

181 3130 328 3187 queretur,
345 3122 420 3193 quod
439 3125 588 3179 studuisset
612 3124 764 3195 perlectam
792 3124 960 3177 habituram:
990 3141 1045 3178 non
1071 3124 1144 3176 euim
1174 3120 1260 3173 filium

180 3191 262 3242 matri
297 3193 546 3261 contradicturum,
564 3196 587 3248 si
607 3195 674 3267 quid
694 3196 742 3247 illa
763 3203 794 3247 ut
812 3197 881 3248 utile
905 3203 934 3248 ct
955 3195 1057 3246 iustum
1084 3193 1260 3259 probavisset.

181 3257 326 3332 Postquam
342 3264 377 3316 ab
395 3265 543 3319 illasimilc
563 3266 698 3318 reletiam
715 3268 834 3319 severius
858 3281 1016 3335 responsum
1030 3265 1114 3328 tsrlit,
1146 3262 1261 3315 iubente

181 3347 218 3382 ne
235 3337 301 3388 talia
318 3334 463 3402 suaderet,
501 3336 659 3409 uaeiacere
691 3337 748 3389 filio
781 3354 837 3388 non
861 3335 1036 3401 conduceret,
1061 3353 1077 3387 a
1106 3334 1261 3387 tentatione

185 3417 292 3471 prorsus
310 3405 449 3460 abstinuit.
514 3425 595 3479 agnus
614 3424 693 3477 porro
712 3407 874 3461 domesticus
897 3408 1086 3476 imperatorem
1107 3406 1162 3457 iam
1184 3401 1260 3455 letho

184 3478 337 3542 proximum
356 3493 467 3531 cernens
490 3487 518 3531 et
539 3478 737 3549 providendum
758 3481 874 3530 maxime
890 3479 949 3530 cius
965 3476 1060 3529 liberis
1087 3484 1116 3529 et
1142 3475 1179 3525 im
1200 3473 1259 3525 erio

185 3544 360 3616 intelligens,
377 3546 412 3599 ad
429 3550 532 3600 Annam
545 3551 689 3619 Augustam
710 3548 821 3601 flentem
838 3565 870 3601 ao
892 3549 1084 3601 lamentantem
1111 3491 1258 3606 accedens,

185 3613 247 3666 Non
261 3616 328 3670 mihi
344 3619 395 3669 iam
407 3618 496 3671 luctus
516 3626 545 3671 et
561 3620 730 3671 lacrimarum
748 3626 854 3688 tempus
880 3618 1004 3681 ridetur,
1033 3616 1141 3687 inquits
1169 3612 1260 3667 adhuc

186 3685 259 3736 enim
273 3687 383 3752 licebit,
401 3690 454 3741 nisi
470 3690 543 3741 Deus
558 3689 593 3741 ab
604 3690 780 3758 impendente
791 3691 942 3742 calamitate
953 3706 1002 3740 σοι
1018 3687 1118 3739 liberet
1137 3703 1169 3737 ac
1194 3700 1261 3754 pro-

185 3758 270 3825 m'tins
291 3757 326 3811 dc
343 3762 416 3815 caelo
429 3759 570 3829 respiciat,
588 3762 737 3813 eiulatibus
751 3768 780 3813 et
793 3760 944 3830 ploratibus
959 3757 1025 3810 satis
1042 3757 1091 3808 din
1109 3755 1260 3822 indulgere.

185 3829 218 3880 In
232 3832 491 3904 praeseasjaeqoum
522 3829 634 3894 iudico,
657 3848 758 3901 pueros
779 3831 955 3901 imperatores
984 3829 1013 3880 in
1037 3834 1097 3880 tuto
1119 3827 1260 3879 collocare.

184 3901 230 3954 Mc
247 3903 358 3972 quidem
375 3905 435 3955 vivo
455 3909 484 3953 et
496 3899 541 3954 hic
562 3919 635 3954 nano
650 3908 810 3970 praesente,
829 3901 964 3952 neminem
983 3899 1160 3954 Romanorum
1180 3893 1262 3948 nohis

185 3971 375 4026 insidiaturum
392 3970 541 4044 putandum
556 3979 602 4024 est
640 3972 689 4025 Sin
706 3971 813 4041 aliquid
836 3969 992 4024 huiusmodi
1013 3970 1175 4039 contigerit,
1193 3956 1263 4036 qaid

185 4045 394 4114 praestabilius,
411 4051 438 4095 te
453 4043 538 4095 solam
551 4041 620 4095 mihi
630 4058 710 4095 curae
727 4058 803 4106 csse,
822 4056 858 4092 aa
876 4042 965 4093 omnia
977 4041 1074 4103 simol,
1091 4047 1135 4102 te,
1147 4040 1263 4107 inquunt

188 4121 217 4167 ct
233 4115 305 4169 filios
323 4122 352 4170 ci
372 4113 522 4186 imperium.
557 4113 628 4167 Tum
660 4115 793 4184 Angusta,
816 4110 870 4164 sibi
896 4111 995 4167 mirum
1014 4110 1156 4174 accidere,
1187 4100 1263 4177 qaod
