3000 4742
436 384 440 391 f
501 285 784 365 ursuouuuuts
808 288 848 350 u.
868 290 920 362 οε
1157 258 1240 347 5ι3

247 444 292 510 li·
326 441 362 508 Ὁ
387 443 486 526 μέγας
512 442 548 506 δὲ
566 443 747 525 όομέστικος
766 445 961 528 μεμνημένος
982 442 1025 520 alc
1043 436 1388 524 Kapausiacmsttp

165 541 283 624 atroci,
294 534 345 606 ότε
355 536 689 627 πράτσνἈκαρνανάιν
699 540 945 627 προσεποιήσατο
958 541 1044 630 scirpi
1056 540 1074 608 ό
1085 540 1242 625 βασιλεῦς,

165 639 263 710 πολλά
294 641 392 705 αότοῦ
423 641 570 714 πολλάκις
598 638 715 724 ἐδεήθη
741 649 808 716 τοῖς
839 637 945 725 φίλοις
965 632 1256 725 συναριθμηθῆναι

167 736 269 807 αότοό
289 742 343 805 καί
361 746 425 815 τοῖς
449 740 591 820 οἰκείοις,
619 736 675 802 καί
693 742 809 824 πολλῆς
828 738 990 802 ἀπέλαυσε
1015 741 1163 824 προνοίας
1189 739 1245 821 τῆς

146 833 268 905 ὄαότοῦ
295 842 473 914 πεισθέντος
501 835 577 923 πρός
604 835 660 921 την
691 836 831 922 αἴτησιν,
872 835 1001 912 όλπίσας
1027 838 1063 902 τά
1082 861 1115 899 τι
1135 837 1170 903 ἐκ
1188 841 1245 924 τῆς

147 937 245 1026 πρὸς
264 935 365 1002 αάτόν
395 936 523 1015 ἀνοίσειν
543 939 715 1019 Καβασιλα
738 936 863 1023 φιλίοις,
890 939 953 1002 τάν
974 934 1094 1001 οἰκείων
1114 936 1335 1021 όλιγουςλιθὶλ

165 1034 360 1124 παραλαβών
369 1087 389 1121 ,v
407 1028 505 1123 ἦλθεν
533 1037 578 1111 είς
601 1032 718 1119 Ῥωγοό.
758 1037 945 1119 Καβασίλας
966 1026 997 1101 d’
1016 1035 1086 1102 ἐπεί
1104 1030 1165 1101 ἀπό
1187 1038 1246 1101 τοό

84 1138 86 1141 ’
166 1138 292 1223 τείχους
317 1130 402 1220 talpa
429 1135 620 1221 προσιόντα,
650 1138 782 1216 πέμψας
801 1134 900 1202 ἐδεῖτο
912 1186 922 1216 ,
951 1133 995 1219 μή
1016 1133 1109 1219 ἐγγός
1129 1139 1245 1219 τειχῶν

166 1239 322 1324 γενίσθαι.
342 1229 363 1319 ἢ
382 1232 443 1319 γάρ
466 1231 586 1318 ἀνάγκη
606 1230 835 1316 συντυγχάνειν
855 1230 942 1317 παρά
962 1232 1103 1319 γνοόμην,
1125 1236 1246 1320 (πεπει-

131 1339 256 1406 ῐοκόναι
283 1333 342 1421 γάρ
373 1328 488 1399 ἔαυτόν
515 1332 663 1410 καθάπαξ
691 1327 889 1418 ἀφάιτασθαι
904 1327 1093 1419 Ῥωμαιόνν,)
1115 1326 1136 1418 ἢ
1157 1332 1248 1397 ἀπω-

166 1439 317 1501 θεῖσθαι·
337 1428 354 1498 ό
374 1429 430 1498 καί
448 1428 526 1497 αότό
558 1428 674 1506 παντός
700 1434 933 1514 ἐπαχθέστερον
954 1433 1071 1511 κακοῦ,
1099 1434 1154 1496 καί
1184 1426 1247 1517 οόχ

165 1530 279 1620 ἥκιστα
300 1529 415 1609 παντός
434 1529 663 1617 ἀνιαρότερον.
687 1526 703 1599 ό
723 1531 829 1613 μέγας,
844 1530 880 1595 δὲ
901 1530 1082 1608 όομόοτικος
1103 1526 1196 1596 odiis
1214 1527 1247 1594 ἕ·
1335 1572 1338 1579 ,

168 1655 270 1720 φασκε
294 1628 368 1706 τούς
393 1628 504 1712 λόγους
524 1626 606 1694 εἶναι
626 1626 705 1715 πρός
725 1628 833 1693 αότόν.
877 1624 975 1703 αὐτός’
990 1625 1048 1712 γάρ
1065 1626 1248 1709 ε’παγγειλό·

166 1754 259 1813 μενος
279 1725 451 1817 Καβασίλρ
481 1722 561 1793 εἶναι
583 1729 674 1815 φιλας
680 1778 691 1809 ,
718 1725 759 1792 τά
788 1727 982 1814 προσήκοντα
1003 1728 1106 1812 φίλοις
1124 1724 1169 1810 μὴ
1191 1748 1248 1790 καηΔ

131 1836 284 1902 ιότοκνεῖν
303 1835 414 1893 ποιεῖν.
455 1823 496 1893 ἀν
517 1829 547 1891 δ’
569 1826 668 1902 αότός
688 1829 847 1910 διαθῆται
867 1825 1054 1911 προσιόντα,
1077 1827 1116 1913 τῇ
1137 1827 1247 1911 σφετέ-

168 1952 211 2016 ρηι
232 1928 306 2015 δόξῃ
326 1931 556 2009 λυμανεῖσθαι,
580 1925 745 2009 ἀγνώμονα
761 1925 835 2007 περί
854 1921 930 1999 τούς
951 1926 1064 2010 φιλους
1103 1920 1158 1987 καί
1185 1919 1269 2007 visti

167 2024 294 2111 γνάμην
314 2020 524 2108 ιόμετάβολσν
543 2020 775 2090 ἀποδεικνύντα
785 2020 901 2090 ἔαυτόν
908 2073 919 2107 ,
939 2021 995 2088 καί
1014 2025 1116 2087 ταῦτα
1135 2016 1248 2107 πρότε-

170 2146 226 2211 ρον
246 2122 344 2189 αότόν
364 2126 517 2209 όεηθίντα
545 2123 599 2188 καί
618 2128 766 2188 πείσαντα
786 2133 852 2198 τοῖς
879 2125 981 2209 φιλοις
1000 2130 1066 2196 τοῖς
1086 2121 1173 2200 ἀμοῖς
1192 2140 1250 2183 κα·

168 2225 380 2309 ταγραφηναι.
426 2224 616 2306 Καβασίλας
648 2224 683 2287 δὲ
713 2223 769 2286 καί
799 2217 891 2296 αὐτὸς
921 2220 1149 2305 διϊσχορίζετο,
1170 2216 1248 2300 μήτε

129 2318 361 2405 σοβοόλεσθαι,
391 2320 473 2407 μήτε
501 2322 658 2388 όόνασθαι
676 2319 732 2406 την
753 2317 829 2406 πρός
849 2318 946 2385 αάτόν
967 2318 1076 2405 φιλίαν
1096 2312 1249 2397 ἀπειπεῖν,

168 2420 225 2484 καί
252 2419 340 2487 δεινά
374 2418 506 2504 πάσχειν
545 2420 600 2485 καί
617 2423 656 2506 τῇ
676 2418 757 2506 πρός
777 2418 873 2485 αάτόν
894 2416 985 2507 φιλίη
1004 2419 1246 2500 τυραννεῖσθαι,

170 2518 208 2584 οὗ
237 2524 375 2607 μετρίως
406 2515 596 2603 ἀνιώμενον,
626 2517 674 2619 ότι
700 2516 745 2605 μη
768 2520 810 2584 δι’
829 2514 945 2583 ἑαυτοῦ
966 2514 1082 2598 αάτός,
1103 2511 1184 2580 ἀλλά
1205 2516 1346 2591 ds’v,250

240 2674 267 2712 a.
283 2656 425 2723 ποιήσατο
443 2656 590 2729 legebatur.
629 2674 669 2714 ro.
687 2654 902 2710 ἀποθανεῖσθαι
917 2652 986 2707 coni.
1008 2654 1063 2707 El).
1078 2652 1109 2706 Ρ.
1121 2650 1250 2720 idemque

238 2725 307 2795 legit
331 2731 432 2797 lntpr.:
451 2745 516 2780 nam
537 2726 679 2781 induxisse
710 2729 742 2781 in
765 2729 888 2780 animum
908 2726 1006 2790 semel,
1036 2740 1096 2779 cum
1115 2722 1249 2778 domania

239 2796 284 2848 nil
297 2796 397 2852 debera
416 2800 538 2868 negotii,
565 2810 615 2850 aut
637 2800 731 2852 emori.
749 2798 831 2850 Male.

241 2914 284 2972 35.
318 2915 431 2986 Magnus
450 2922 540 2967 autem
560 2913 745 2980 domesticus,
762 2930 865 2968 memor
881 2911 1018 2987 quomodo
1035 2910 1082 2963 hic
1100 2907 1249 2974 Cabasilas,

171 2996 234 3038 cum
251 2986 367 3054 primum
385 2987 563 3038 Acarnaniam
581 2988 715 3054 reciperet
737 2989 900 3054 imperator,
921 2999 1000 3050 saepe
1018 2982 1187 3050 multumque
1202 2996 1249 3031 rod

171 3063 272 3125 gassct,
290 3057 331 3108 uti
352 3073 414 3109 eum
432 3056 524 3107 amicis
552 3070 583 3109 ac
604 3056 786 3108 familiaribus
810 3058 867 3107 suis
900 3054 1045 3123 allegeret,
1077 3059 1105 3103 et
1125 3067 1179 3122 quo
1200 3066 1251 3118 pa-

171 3133 216 3177 cto
236 3126 295 3177 eius
312 3127 443 3196 petitioni
461 3142 592 3189 annuens,
613 3140 663 3178 sua
680 3143 743 3178 cura
755 3143 785 3177 ac
797 3122 969 3198 providentia
982 3122 1112 3191 singulari
1124 3136 1250 3190 magnum

170 3194 278 3247 homini
296 3196 413 3249 fructum
431 3195 586 3259 attulisset,
605 3206 792 3267 conceptaque
809 3212 875 3264 spe,
893 3202 1007 3263 propter
1024 3209 1084 3244 eam
1103 3188 1250 3243 amicitiam

169 3265 276 3335 aliquid
312 3271 484 3329 eiecturum,
520 3266 614 3336 paucis
647 3267 789 3319 comitatus
824 3264 1005 3317 familiaribus
1030 3261 1152 3332 Rhogum
1183 3259 1249 3311 sdic

170 3330 308 3389 Cabasilas
335 3335 509 3389 accedentem
533 3335 568 3389 de
593 3354 670 3389 muro
689 3337 876 3405 conspicatus,
894 3335 968 3386 misit
986 3340 1105 3395 oratum,
1131 3347 1166 3383 ne
1183 3347 1250 3452 pro·

170 3408 233 3474 pius
258 3409 512 3459 moeniaveniret:
540 3423 603 3459 nana
630 3415 678 3459 aut
702 3415 796 3459 contra
819 3407 939 3457 animum
963 3402 1016 3455 sibi
1036 3403 1181 3472 colloquen
1202 3415 1249 3452 um

174 3489 248 3538 esse,
280 3494 340 3529 cum
357 3478 441 3529 semel
458 3477 616 3541 statuisset,
649 3494 710 3529 cum
729 3477 856 3528 Romanis
885 3477 927 3527 nil
944 3474 1044 3527 habere
1063 3472 1184 3543 negotii3
1202 3477 1251 3523 aut

174 3556 236 3596 eum
250 3546 387 3615 depellere
400 3565 429 3599 se
439 3557 582 3618 oportere:
601 3548 810 3617 quodomnium
822 3546 953 3598 malorum
970 3544 1170 3596 odiosissimum
1179 3546 1252 3591 esset

174 3622 257 3683 atque
277 3618 469 3671 tristissimum.
506 3619 575 3670 Tum
592 3634 703 3738 mapuus
723 3617 894 3681 domesticus,
914 3617 984 3668 nihil
1003 3615 1038 3667 ad
1055 3631 1084 3666 se
1101 3616 1152 3664 ista
1168 3608 1251 3663 verba

173 3685 319 3755 pertinere.
363 3688 430 3740 Nam
453 3705 516 3741 cuns
543 3706 572 3740 sa
598 3690 635 3741 Ca
657 3689 739 3741 asilae
762 3690 877 3746 amicum
895 3688 953 3740 sore
972 3682 1179 3755 spopondisset,
1194 3694 1251 3732 non

172 3756 272 3825 pigrari
289 3756 403 3809 officium
421 3758 499 3811 amici
516 3768 661 3829 praestare.
698 3759 726 3810 Si
745 3758 804 3827 ipse
822 3759 1078 3811 se·‘couvenientcrn
1096 3751 1250 3821 repelleret,

174 3824 287 3895 gloriam
310 3839 383 3878 suam
400 3837 606 3898 corrupturum,
631 3828 695 3880 dum
714 3837 800 3882 semet
823 3830 852 3881 iu
870 3829 971 3881 amicos
990 3826 1189 3877 inconstantem
1206 3828 1250 3872 atu

174 3912 229 3966 que
247 3895 400 3965 improbum
419 3900 588 3953 ostenderet:
608 3917 668 3951 cum
685 3907 775 3951 tamen
793 3901 936 3969 petivisset
959 3897 1034 3966 prius
1062 3894 1144 3944 etim
1165 3896 1251 3944 etrus·

174 3973 230 4029 set,
246 3974 278 4018 ut
295 3966 330 4017 ab
350 3983 382 4018 eo
401 3968 430 4020 in
448 3971 595 4023 amicorum
612 3986 755 4024 numerum
775 3969 929 4021 referretur.
966 3964 1104 4019 Cabasilas
1156 3962 1251 4017 'rmare

175 4053 228 4089 nec
258 4037 330 4091 velte
357 4053 407 4089 nec
437 4055 515 4107 posse
540 4043 637 4094 initam
664 4057 726 4094 cum
755 4055 788 4091 eo
806 4038 954 4090 amicitiam
974 4041 1126 4088 retractare·
1163 4037 1197 4086 Et
1214 4034 1250 4085 ob

138 4136 141 4142 2
176 4121 237 4159 eam
255 4107 404 4159 excruciari
435 4118 464 4162 et
487 4111 565 4182 quasi
584 4108 756 4179 tyrannidem
774 4106 911 4180 quandam
935 4107 1053 4177 experiri
1080 4101 1251 4158 contristari⁴

125 4246 131 4257 θ
176 4189 231 4250 que
247 4194 305 4230 nou
322 4176 505 4245 mediocriter,
522 4179 597 4254 qnod
615 4197 672 4237 non
689 4181 748 4255 ipse
766 4194 816 4251 pec
834 4194 872 4246 se,
890 4176 939 4233 sed
959 4190 1010 4250 per
1018 4174 1095 4230 ‘alios
1113 4175 1166 4229 hoc
1180 4182 1251 4227 temo

247 4282 466 4341 saetacum.
551 4276 554 4291 ¹
1024 4282 1057 4337 ³3
