3000 4742
463 260 743 334 fflstttltlatttlitt
770 261 796 328 t.
816 272 869 339 17.
1164 242 1212 330 81

148 416 222 493 λεός
241 418 269 480 δ’
289 413 310 481 ό
333 418 401 494 νόος
418 413 476 481 τόν
494 420 594 502 μέγαν
610 418 898 501 μετακαλεσάμενος
917 420 1106 507 λογοθότητ,
1134 415 1358 498 damnastis

151 513 381 601 διεπρεσβεύετο
397 512 478 601 πρός
493 514 546 580 τόν
558 512 693 582 πόππον
719 515 783 599 »Ἡ
794 518 839 594 εἰς
854 519 912 601 ἐμὲ
928 518 990 605 πρό
1005 524 1063 605 τῆς
1076 522 1160 603 χθὲς
1171 531 1249 607 γε.Β

144 613 288 698 γενημένη
312 611 401 699 παρὰ
423 615 479 698 τῆς
499 614 557 698 σῆς
577 612 803 701 γαληνότητος,
838 609 1014 698 οόβασιλεῦ
1023 669 1035 698 ‚
1058 613 1223 706 εόεργεσία

144 710 256 787 πολλός
276 710 334 777 καί
355 714 478 789 δικαίας
500 712 659 797 ὁμολογεῖν
680 715 818 800 χάριτας
845 718 889 805 τῆ
911 720 955 805 στῆ
973 717 1077 782 naeu
1101 720 1223 803 κράτει.

126 805 199 885 rada
212 807 271 895 γόρ
286 808 351 875 ἀπό
370 812 510 901 ταραχῆς
524 809 580 876 καὶ
596 805 690 898 όργῆς
702 805 804 898 ἧρξαν
819 811 848 879 οἱ
867 812 970 898 λόγοι,
993 814 1062 880 ἀλλ’
1077 818 1222 893 είςτέλος

140 904 255 995 ἥμερον
272 911 329 974 καί
342 909 542 992 συμπαθείας
555 912 649 994 γέμον
661 906 943 996 οἷποκαταστόιαες,
963 917 1082 997 μᾶλλον
1098 908 1221 1003 εὔφρα-

142 1001 253 1092 ναν,ῆ
273 1010 349 1072 καθ’
368 1002 441 1073 ὅσον
454 1005 607 1096 πρότερον
627 1005 774 1075 ἐλύπουν.
795 1007 844 1075 διό
862 1009 901 1097 δῆ
919 1014 975 1077 καί
990 1015 1052 1078 τῶν
1069 1018 1129 1095 μὲν
1142 1039 1221 1099 προ·

142 1107 258 1191 τίρων,
275 1105 320 1182 οἷς
337 1110 490 1191 πατρικῆς
507 1100 605 1174 όντων
620 1108 674 1173 κατ’
684 1108 829 1186 παιδείας
848 1109 903 1175 καί
920 1109 1122 1197 κηδεμονιας,
1150 1108 1221 1193 οὔδ’

145 1202 439 1289 ἀναμιμνήσκεσθαι
458 1200 548 1282 detto·
578 1203 600 1273 ἃ
619 1209 649 1271 δ’
665 1208 700 1272 ἐν
719 1207 840 1297 ὑστέρην
860 1212 1036 1295 πέπρακται
1042 1259 1054 1292 ,
1083 1209 1128 1288 ὥς
1147 1204 1222 1293 ῆξια

107 1300 200 1373 ιηκαιι
210 1304 449 1386 μεγαλοψυχιοις
469 1305 525 1369 καὶ
549 1296 712 1388 εόμενειόις
729 1306 784 1371 καί
803 1310 952 1392 πατρικῆς
974 1311 1031 1374 καί
1044 1313 1220 1397 βασιλικῆς,

144 1395 339 1479 όνεξόλειπτα
363 1405 429 1483 δεῖν
447 1401 545 1489 ἔγνων
562 1402 735 1491 φυλάττειν
750 1407 786 1470 ἐν
803 1407 842 1493 τῆ
858 1408 960 1493 ψυχῇ.
1000 1408 1070 1474 ἐπεὶ
1087 1412 1116 1473 δ’
1137 1412 1171 1476 ἓν
1189 1438 1222 1478 τι

140 1501 202 1564 τοῖν
219 1498 289 1566 τότε
317 1497 476 1588 ῥηθέντων
498 1506 556 1586 ἐμὲ
576 1527 611 1568 το
629 1506 740 1591 δεινῶς
758 1507 943 1591 όκταρόττει
974 1509 1031 1571 ταὶ
1049 1513 1250 1594 φροντίδαςο

138 1592 175 1661 οὗ
189 1600 369 1687 παρέχεται
386 1599 522 1686 μακρός,
558 1599 612 1666 καί
632 1598 753 1687 ἑτέροις
768 1602 922 1667 ἐνέσεισεν
944 1603 982 1666 od
1004 1601 1060 1669 τόν
1085 1606 1223 1690 τυχόντα

145 1696 265 1783 φόβον,
287 1699 402 1779 δέομαι
414 1700 470 1782 τῆς
485 1701 543 1783 σῆς
567 1703 769 1785 γαληνότητος
796 1697 952 1766 ἰάσασθαι
972 1696 1026 1765 καί
1037 1700 1151 1788 ταότην
1169 1704 1226 1794 τῆν

104 1794 320 1880 ιόοἷλγηδόνα.
348 1792 417 1860 ἔστι
438 1797 470 1859 δ’
487 1792 505 1860 ὃ
523 1800 603 1880 λόγω
623 1799 772 1863 τοιοὶτον·
798 1799 876 1881 σοῦ,
896 1802 1050 1881 βασιλεῦ,
1082 1801 1154 1883 ἐμοὶ
1172 1806 1227 1871 διὰ

134 1895 196 1960 τοῦ
211 1890 355 1977 μεγάλου
369 1896 536 1978 tonstrua
559 1894 790 1981 προστάξαντος
805 1894 941 1979 τουτουί,
964 1898 1158 1983 καταδήλους
1174 1926 1226 1967 σοι

135 1994 265 2057 θέσθαι
282 1987 356 2068 τοός
370 1992 522 2066 συνόντας
537 1993 592 2058 καί
611 1987 858 2080 συναιρομένους
875 1991 962 2077 ἐμοί,
983 1995 1055 2061 τότε
1071 2001 1132 2078 μὲν
1146 2025 1226 2064 παν-

137 2089 263 2158 τόπασι
283 2089 329 2177 μῆ
347 2085 429 2156 εἶναι
442 2089 499 2155 ode
512 2090 695 2179 ἠρνησάμην
704 2144 716 2175 ,
743 2090 826 2178 πλὴν
846 2086 908 2157 dno*
925 2097 1082 2177 λογισμῶν
1097 2094 1224 2165 εἰκότων

139 2188 328 2277 ἐπεχείρουν
334 2242 345 2273 ,
366 2186 410 2267 ὥς
427 2191 486 2254 ode
502 2184 542 2257 όν
557 2187 637 2274 εἶεν,
657 2191 889 2257 ἀποδεικνύναι.
912 2194 974 2258 οἵδ’
991 2187 1085 2279 ῆσαν·
1104 2192 1140 2261 τό
1159 2199 1224 2282 μῆ-

88 2288 92 2297 ’
107 2314 173 2360 τοτε
187 2289 288 2376 πόρον
304 2287 389 2371 ἔχειν
404 2290 461 2371 ἐμὲ
474 2287 656 2377 χρημάτων,
674 2287 720 2366 οἷς
729 2285 769 2357 όν
784 2288 860 2367 ἴσως
872 2290 1112 2374 πείσαιμίτινας
1126 2318 1224 2381 προσ·
1310 2289 1317 2297 ’

141 2393 224 2473 όχειν
237 2391 323 2471 ἐμοί,
342 2389 417 2473 μῆν’
435 2388 577 2477 ἐξουσίας
595 2383 768 2456 όπολαόειν
779 2388 874 2475 ’παρὰ
891 2389 945 2456 oua*
960 2391 1015 2456 καὶ
1032 2393 1223 2478 παρ’ῥησίας,

138 2492 295 2570 βασιλέως
312 2484 407 2552 παιδί
420 2484 621 2574 πρεποόσης,
655 2490 698 2553 δι’
711 2487 751 2573 ἢν
765 2483 804 2554 όν
818 2487 874 2554 καί
887 2494 1119 2576 θεραπευθείην
1134 2489 1255 2579 raptu
1340 2494 1344 2499 ⁴

139 2588 201 2651 τῶν
220 2589 280 2671 τῆς
296 2587 373 2670 ἐμῆς
391 2579 544 2673 desistite
560 2590 765 2673 δεησομόνιον.
789 2586 861 2653 νυνὶ
879 2589 914 2651 δὲ
934 2581 1014 2652 αότό
1029 2611 1063 2654 τε
1085 2586 1121 2655 τό
1139 2593 1223 2678 πρᾶ-

143 2736 180 2790 ad
203 2751 285 2790 sunm
308 2735 515 2791 summittere
530 2735 708 2792 inrtitoebatr
732 2736 814 2809 „Quo
835 2736 971 2793 beneficio
987 2745 1050 2793 ante
1067 2738 1223 2794 hesternum

143 2809 218 2862 diem
238 2812 368 2861 serenitas
385 2816 491 2862 toarno
509 2811 631 2873 ornavit,
648 2808 679 2861 id
701 2825 744 2865 mo
763 2808 798 2860 ad
816 2811 917 2879 amplas
934 2814 1099 2881 meritasque
1124 2814 1223 2881 ητοείττ

142 2878 265 2951 agendas
291 2879 414 2950 impellit.
456 2880 626 2950 Quamquam
652 2877 726 2931 enim
758 2895 845 2931 sermo
870 2897 885 2930 a
909 2880 1115 2948 perturbatione
1139 2890 1167 2932 et
1184 2884 1223 2932 ira

162 2950 313 3017 rineipium
334 2954 454 3017 caperet,
482 2958 573 3002 tamen
596 2951 626 3002 in
648 2950 729 3001 duem
745 2964 854 3002 suarem
881 2951 1087 3019 affectionisque
1114 2950 1224 3017 pienum

79 3080 81 3085 ,
141 2969 291 3083 desinens,
310 3015 497 3093 delectationis
516 3021 595 3090 copia
613 3020 818 3073 antecedentem
833 3018 985 3071 molestiam
1004 3018 1104 3073 obruit.
1132 3018 1223 3088 Quare

143 3090 278 3158 priorum,
297 3096 328 3142 nt
345 3105 360 3141 a
377 3094 488 3159 paterna
505 3091 681 3161 castigatione
699 3107 730 3142 ae
749 3088 937 3141 sollicitudine
954 3090 1146 3159 proiectorum,
1166 3105 1223 3142 me-

143 3162 259 3212 minisse
276 3160 359 3225 nolo;
377 3176 446 3230 quae
463 3167 553 3214 autem
570 3162 705 3230 posterius
722 3159 771 3211 abs
787 3169 815 3212 te
834 3158 905 3211 sacta
922 3165 999 3222 sunt,
1022 3167 1054 3211 ut
1071 3159 1151 3228 digna
1168 3178 1225 3211 ma-

144 3231 325 3352 qqqnimitate
342 3230 514 3298 imperatoria
530 3239 698 3304 paternaque
712 3232 841 3292 caritate,
859 3245 891 3315 ea
905 3228 974 3281 mihi
991 3228 1021 3281 in
1033 3229 1162 3281 medullis
1180 3232 1224 3316 in-

213 3315 324 3370 semper
341 3299 499 3356 manebunt.
535 3302 662 3353 Ceterum
718 3301 745 3352 ie
763 3308 821 3353 tum
839 3298 970 3371 quiddam
983 3300 1119 3369 prolatum
1137 3318 1224 3371 gravi-

144 3378 185 3423 ter
202 3386 249 3421 me
266 3371 358 3440 angit,
385 3379 413 3422 et
431 3384 494 3422 eura
512 3387 566 3424 non
584 3371 639 3425 leel
658 3388 687 3423 ιο
712 3371 805 3434 mitat,
823 3387 873 3422 nee
890 3372 951 3423 aliis
971 3387 1081 3442 qnoque
1099 3373 1224 3440 exiguum

146 3441 272 3493 timorem
293 3438 411 3505 incutit,
429 3447 532 3492 oratum
550 3440 611 3494 volo
631 3443 805 3494 serenitatem
824 3448 918 3501 tuom,
940 3447 971 3493 ut
988 3441 1053 3493 huie
1071 3441 1154 3492 etiam
1172 3441 1223 3493 do·

145 3510 197 3561 lori
214 3508 369 3568 medeatur.
406 3507 488 3581 Quod
505 3510 583 3574 dico,
599 3511 655 3564 tale
673 3515 722 3563 est.
765 3511 834 3565 eum
852 3508 920 3563 mihi
936 3525 984 3579 per
1004 3527 1130 3581 magnum
1147 3511 1225 3581 logo·

145 3580 248 3633 thetam
265 3582 454 3650 praeceperis,
472 3588 504 3634 ut
515 3580 689 3635 administros
709 3587 792 3652 atque
809 3583 896 3634 socios
911 3595 983 3633 meos
996 3582 1048 3633 tibi
1068 3581 1224 3644 iudiearem,

147 3655 210 3703 tune
231 3668 281 3721 ego
302 3650 414 3722 quidem
431 3667 486 3704 nou
504 3652 615 3705 omnino
632 3661 661 3705 et
673 3652 797 3705 absolute
816 3667 862 3704 eos
882 3650 982 3704 habere
993 3667 1036 3702 me
1048 3651 1157 3721 negavi:
1175 3667 1223 3702 ve-

147 3730 298 3774 rumtamen
322 3720 477 3774 rationibus
498 3723 693 3776 verisimilibus
715 3721 898 3775 demonstrare
922 3720 1065 3784 contendi,
1094 3738 1140 3772 eos
1167 3737 1224 3773 esse

145 3793 235 3843 nullos
252 3807 341 3862 posse.
366 3790 444 3861 Quae
462 3802 551 3846 erant:
574 3790 647 3864 quod
658 3808 708 3846 neo
722 3793 796 3845 viam
807 3802 835 3845 et
851 3792 960 3844 modum
970 3789 1160 3859 adipiscendae
1178 3808 1228 3861 pe-

146 3863 242 3914 cuniae
259 3877 382 3925 nossem,
406 3878 459 3932 qua
475 3863 588 3916 sortasse
607 3863 737 3933 quosdam
762 3861 796 3914 ad
814 3861 989 3932 obsequelam
1007 3877 1092 3912 meam
1112 3860 1226 3913 induce·

150 3947 219 3982 rems
236 3949 286 3984 nec
303 3947 410 4000 possem
426 3934 501 4002 apud
518 3941 545 3984 te
564 3933 618 3986 irai
636 3949 668 3985 eo
683 3934 742 3986 iure
761 3949 847 4005 eoque
872 3932 1004 3993 licentia,
1022 3947 1092 4001 quae
1107 3931 1226 4000 impera-

149 4001 217 4050 toria
234 4001 290 4054 filio
307 4000 468 4071 deberetne
493 4012 604 4077 propter
625 4020 704 4074 quam
724 4004 808 4055 etiam
834 4002 937 4054 coierer
954 3999 988 4052 ab
1008 4000 1056 4063 iis,
1080 4000 1127 4070 qni
1146 4018 1225 4069 opem

149 4084 237 4120 meam
263 4070 441 4124 desideraturi
464 4082 562 4128 essent.
606 4074 684 4127 Nune
706 4088 749 4125 res
774 4072 830 4140 ipsa
850 4078 987 4123 consortes
1011 4086 1084 4122 meos
1103 4073 1149 4153 qui
1169 4073 1225 4121 sint

148 4140 271 4208 aperuit,
294 4150 322 4193 et
339 4159 387 4212 ego
406 4143 441 4196 de
460 4145 493 4199 iis
512 4145 652 4205 confiteor,
693 4145 833 4206 Attamen,
861 4140 934 4212 quod
959 4150 987 4193 et
1010 4147 1068 4192 tum
1090 4136 1223 4199 dreebnm,

216 4232 431 4293 θαπταουιιιιιιι.
840 4272 843 4285 ·
1006 4239 1025 4290 6
