3000 4742
239 676 515 767 Jonnnor
548 678 659 768 ror
689 678 1216 781 murmorznuor

479 857 694 926 ΙΣΓΟΡΙΩΝ
717 861 920 931 ΒΙΒΛΙΟΝ
938 865 982 929 Β.
1022 878 1025 887 ’

306 1028 602 1138 lO'ANle
639 1038 1150 1147 CANTACUZENI

378 1206 392 1275 .·
468 1221 771 1286 unionum
791 1222 916 1290 monn
936 1225 979 1292 11.

580 1476 883 1533 Pssulocfle.

214 1650 217 1657 ψ
257 1610 333 1680 Quid
348 1615 491 1684 superiore
507 1616 580 1668 libro
599 1618 760 1671 memorarit
780 1612 903 1689 quidque
917 1617 1043 1688 proxime
1063 1620 1190 1690 sequenti
1206 1632 1262 1676 med

185 1683 347 1736 morandum
363 1688 415 1745 sit,
437 1701 488 1753 per
512 1689 706 1739 transitionem
730 1686 885 1759 signifieat.
928 1688 1043 1756 Nepotis
1060 1702 1192 1759 occupato
1211 1693 1264 1756 uya

185 1756 281 1807 nuntio
300 1755 330 1804 in
344 1770 427 1806 auum
440 1770 509 1807 eura
516 1791 527 1815 ,
544 1757 722 1817 reverentia,
743 1755 849 1816 bonos,
868 1754 1035 1808 liberalitas.
1067 1759 1173 1828 Magno
1186 1761 1264 1828 logo·

185 1822 277 1876 tlsetae
305 1824 475 1891 ignoscitur:
504 1822 536 1874 in
557 1837 785 1893 protostratorem
809 1825 885 1876 urbis
909 1825 1089 1946 praJesectura
1113 1827 1262 1909 confertur.

185 1892 258 1945 Petit
275 1893 425 1961 imperator
443 1908 461 1942 a
476 1894 657 1960 patriarcba,
677 1896 720 1946 uti
737 1895 906 1964 ingratiam
923 1913 954 1947 re
974 1906 1020 1948 eat
1041 1913 1100 1950 oum
1118 1913 1209 1967 spssco
1233 1898 1262 1958 ⁸,

185 1979 204 2014 α
228 1961 327 2032 quibus
337 1961 439 2030 fiserat
456 1959 630 2016 vebementer
646 1962 772 2034 wlens'us.
818 1966 877 2030 Quo
893 1976 977 2031 pacto
995 1966 1110 2019 ldsrcus
1129 1915 1264 2019 calolid-

184 2032 262 2091 rius‚
280 2028 491 2083 maledicentiae
508 2033 539 2082 in
556 2034 643 2115 ipsum
660 2048 734 2094 reus,
750 2033 810 2085 eius
823 2046 967 2102 conspectu
984 2036 1160 2105 tremefieetus
1168 2035 1264 2106 suerit

185 2112 215 2152 et
226 2099 449 2169 corruerit(Cap.
455 2099 494 2221 a
526 2101 617 2153 Mittit
628 2119 678 2153 suo
695 2102 756 2155 loeo
773 2118 899 2172 magnum
907 2101 1091 2167 domesticum,
1109 2107 1160 2179 qui
1172 2105 1264 2174 petri·

184 2168 299 2222 archan
311 2169 421 2238 flectat.
493 2182 578 2221 ustra.
613 2172 679 2224 Dies
691 2170 802 2236 Synodo
819 2170 931 2224 dicitur.
966 2174 1137 2227 Domesticus
1153 2175 1262 2243 episco-

181 2256 280 2310 porum
303 2251 440 2307 patronus
464 2238 631 2308 supplicibus
657 2241 751 2293 uerbis
773 2241 962 2310 patriarcham
985 2256 1132 2312 expugnat
1173 2243 1262 2312 imps-

183 2310 278 2362 ratori
302 2305 337 2360 de
364 2306 498 2379 beneficio
523 2311 632 2377 gratias
654 2322 745 2361 ectum
773 2322 847 2375 eunt.
880 2307 1011 2363 Eiusdem
1035 2312 1210 2381 imperatoris
1229 2313 1261 2363 in

183 2378 361 2430 benemeritos
372 2390 511 2448 totamque
523 2380 664 2432 civitatem
676 2379 869 2450 munificentia
878 2377 924 2448 (u).
959 2381 1114 2432 Moesorum
1126 2383 1158 2433 in
1168 2380 1261 2433 Tbra-

184 2448 254 2499 ciam
261 2450 439 2517 superiorem,
457 2447 582 2498 uicissim
590 2450 773 2501 Romanorum
781 2451 813 2500 in
819 2450 951 2501 Moesiam
961 2450 1113 2518 impressio,
1132 2462 1160 2503 et
1177 2461 1260 2519 copta

182 2516 345 2586 Diampolis.
379 2517 445 2568 Alia
458 2517 614 2569 Moesorum
630 2521 661 2570 in
676 2517 824 2572 Thraciam
840 2519 971 2588 irruptio,
987 2519 1085 2571 Buceli
1101 2520 1258 2590 occupatio,

183 2585 298 2638 Prolati
310 2583 427 2639 obsidio.
461 2585 580 2637 Romani
585 2587 689 2660 foedus
697 2590 834 2641 violatum
846 2588 992 2648 obiiciunt,
1009 2589 1099 2641 minas
1109 2590 1258 2642 intentant·

93 2658 100 2676 '·
184 2657 293 2708 Moesus
309 2672 420 2707 eausam
438 2652 557 2716 indicat,
576 2674 627 2709 cur
639 2672 745 2727 partem
762 2656 796 2709 de
814 2658 928 2726 imperio
944 2657 1065 2709 Romano
1083 2657 1137 2709 sibi
1155 2660 1257 2728 euptao

186 2724 346 2777 Ostenditur
361 2723 521 2795 magnitudo
541 2725 658 2778 bomani
674 2729 822 2788 exercitus,
839 2743 897 2796 qua
913 2727 1026 2779 territus
1038 2727 1149 2779 Moesus
1162 2744 1256 2795 pacem

183 2796 325 2864 promittit
362 2796 454 2859 Quare
473 2807 528 2846 tam
545 2794 678 2850 audacter
694 2799 726 2849 in
738 2796 885 2849 tumetum
903 2796 992 2848 blaesi
1007 2793 1201 2862 praedabundi
1213 2798 1255 2848 ir·

184 2875 305 2915 ruerent.
340 2863 479 2918 Romanus
495 2865 589 2926 miles,
613 2867 709 2934 spoliis
726 2883 809 2934 aegre
826 2880 940 2927 carens,
961 2879 1081 2931 pugnam
1106 2883 1164 2918 non
1181 2882 1257 2928 com-

183 2934 293 2984 missam
309 2931 391 2985 dotet
430 2933 644 3003 Redintegratur
666 2937 741 2987 inter
755 2937 877 2989 uoeeon
901 2946 929 2985 et
950 2934 1139 3002 imperatorem
1156 2933 1255 2986 amici-

183 3005 226 3054 tia
234 3001 280 3071 (3)
314 3004 435 3073 Magnus
451 3004 613 3073 domesticus
629 3005 782 3074 Syrgianni
799 3002 969 3057 tolerabilem
988 3016 1137 3062 carcerem,
1155 3000 1255 3054 debinc

181 3073 339 3126 libertatem
357 3088 462 3127 exorat.
495 3078 579 3126 Amor
594 3087 702 3126 mutuus
721 3074 897 3144 imperatorie
913 3084 941 3123 st
958 3066 1115 3131 domestici,
1138 3072 1188 3141 qui
1208 3067 1254 3123 di·

181 3143 262 3195 visae
279 3144 425 3211 petitionis
437 3145 571 3197 rationem
583 3143 682 3196 reddit
698 3145 864 3209 Magistrum
875 3158 952 3194 suum
964 3140 1111 3191 militarem
1124 3140 1251 3194 celebrat.

182 3212 352 3280 Syrgiannes
369 3211 494 3267 custodia
510 3214 647 3267 liberatur
654 3211 703 3282 (4).
737 3214 820 3266 Xeno
838 3212 1012 3282 imperatorie
1024 3220 1111 3261 mater
1124 3227 1143 3262 a
1153 3226 1251 3278 magna

181 3279 329 3335 domestico
349 3302 378 3336 se
395 3285 512 3337 teletam
527 3286 665 3338 irascitur.
703 3285 836 3336 Germani
852 3282 1034 3352 pecuniarum
1050 3286 1251 3347 epentesjpro-

179 3363 243 3422 pter
259 3366 337 3405 uetus
356 3353 503 3424 hospitium
523 3371 584 3406 cum
601 3354 812 3423 imperatoribus
829 3349 1160 3418 constantinopolitanis,
1183 3348 1251 3400 sub-

180 3420 280 3473 sidium
295 3436 412 3492 petunt,·
428 3418 479 3475 sed
495 3423 528 3475 ob
545 3422 703 3476 exhaustum
718 3424 859 3475 aerarium
876 3420 949 3473 nibil
962 3421 1126 3489 impetrant.-
1144 3418 1251 3485 copias-

179 3508 235 3613 ἢν
260 3494 386 3561 accipere
410 3510 528 3563 querum
550 3509 635 3546 causa
657 3494 803 3563 pecuniam
825 3502 917 3561 petere
935 3486 1116 3547 videbantur,
1141 3486 1248 3537 nolunt.

226 3562 350 3614 mesticus
389 3577 450 3615 arte
473 3580 587 3615 onerum
608 3580 718 3615 suorum
742 3558 911 3631 Apocaucbo
936 3558 1060 3612 bumeros
1080 3566 1248 3624 supponente

181 3629 300 3681 levatur.
343 3581 472 3685 Pbtrtbus
497 3628 532 3687 de
551 3634 644 3684 causis
660 3634 810 3702 imperator
829 3629 956 3694 Cyzicum
975 3627 1064 3681 uadit
1108 3625 1170 3677 Pae
1188 3640 1248 3675 cum

182 3699 368 3753 Zamercbane
390 3714 524 3772 satrapa,
548 3701 628 3756 urbes
645 3704 760 3756 orientis
786 3700 934 3771 inflectente
942 3695 989 3768 (5).
1031 3697 1083 3749 iles
1100 3692 1248 3747 adversum

181 3769 314 3822 barbaros
329 3773 360 3822 in
368 3771 500 3841 Bithynia
516 3775 600 3826 vario
616 3784 727 3833 euentu,
744 3787 796 3824 nse
812 3772 871 3822 eine
889 3769 1069 3820 Romanorum
1085 3765 1178 3834 gloria
1196 3758 1249 3815 ad·

181 3842 397 3910 ministrante),
441 3843 563 3895 Nuntius
585 3837 625 3894 ad
638 3854 867 3911 protostratorem
890 3837 1061 3904 byzantium.
1102 3834 1196 3885 Naves
1215 3841 1247 3884 ut

181 3910 238 3960 tint
254 3923 372 3979 paratae
390 3910 507 3967 iubetur.
543 3913 641 3965 Castra
664 3907 860 3973 custodiuntur
876 3904 922 3976 (7).
974 3908 1048 3958 Lous
1062 3901 1246 3984 Romanorum

180 3992 216 4030 ex
232 3995 279 4031 ore
296 3980 419 4032 bostium.
453 3982 535 4034 Senet
550 3982 694 4034 Persarum
715 3978 845 4051 proceres
865 3978 923 4029 loci
940 3975 1116 4027 mutationem
1140 3966 1248 4025 dissua·

179 4046 247 4100 dent
268 4061 295 4100 et
318 4067 375 4119 qua
401 4052 531 4103 cautione
556 4051 588 4102 in
613 4049 704 4103 eodem
724 4046 859 4118 infamiae
876 4043 1011 4099 vitandae
1030 4058 1115 4096 esusa
1132 4055 1247 4093 mantn-

178 4113 258 4177 dumo
278 4116 439 4185 “fluerunt
475 4120 577 4171 Rumor
594 4115 628 4171 de
645 4118 823 4190 imperatoris
839 4113 927 4175 obitu,
936 4110 1013 4186 fieta
1032 4113 1157 4165 militum.
1190 4106 1247 4158 [m-

175 4197 292 4257 peratos·
316 4188 577 4260 Comacinopolin
603 4183 689 4242 lembo
714 4183 914 4243 transducitur.
959 4179 1041 4252 Apud
1062 4177 1247 4235 Pitiiocrsnsn
