3000 4742
539 270 846 385 xdiscernantur
874 322 901 384 1.
929 326 981 396 29.
1225 296 1306 411 139

232 474 350 539 πόλεων
362 472 474 563 όλθεόν
490 468 533 549 εδς
545 472 609 537 τῶν
617 473 675 563 μὲν
687 474 839 559 ἀπωτέρω
851 472 909 559 τήν
918 476 979 556 μὲν
987 473 1109 562 βλάβην
1119 469 1236 562 ἥσσονα
1247 477 1376 540 rra-be
1387 481 1451 537 1322

232 574 418 658 ρεχομένων,
437 570 675 657 εόαλωτατέρων
688 574 732 637 δέ·
748 574 860 637 τῶνδὲ
872 570 950 654 μετά
963 576 1022 637 τοῦ
1033 576 1152 654 μᾶλλον
1162 569 1312 657 βλάπτειν

231 668 287 733 καί
302 666 543 755 καρτερωτάτων
561 665 622 734 ἀπό
644 694 679 733 τε
694 672 748 753 τής
765 674 829 733 τῶν
846 673 961 753 τειχῶν
974 674 1167 756 κατασκευῆς
1185 672 1241 736 καί
1255 678 1312 760 τῆς

231 765 498 852 ἔγκαθιδρυμίνης
515 765 676 851 δυνάμεως
693 768 804 833 οάσῶν.
826 766 927 832 ἐδόκει
944 767 982 853 δή
1002 772 1055 834 ε’πί
1077 763 1190 855 ’Ἁπρω
1206 775 1311 838 ἐλθεῖν

212 868 365 949 5πρῶτον.
387 865 441 931 καί
460 860 590 953 ἄραντες
610 870 643 933 ἐκ
663 866 909 950 Διδυμοτείχου,
932 867 1001 933 ἐπεί
1015 867 1117 933 πάντα
1137 856 1311 956 παρεσκεά-

232 985 320 1044 οιστο,
340 966 394 1027 καί
410 963 489 1049 πρός
507 961 543 1028 τό
559 962 787 1051 μισθοφορικόν
802 962 838 1030 τό
854 969 986 1052 χρυσίον
1004 965 1170 1053 διενεμήθη
1179 1019 1189 1048 ,
1210 962 1386 1053 diffusam?

232 1062 287 1124 ἐπὶ
302 1051 429 1146 Ἄπρω.
457 1054 814 1149 στρατοπεδευσαμένων
831 1066 866 1128 δὲ
884 1066 962 1147 ἐκεῖ,
983 1065 1112 1147 πέμψας
1130 1064 1147 1129 ό
1165 1062 1311 1148 βασιλεδς

234 1154 386 1244 ήσπάζετο
405 1157 478 1235 τούς
498 1159 552 1225 ε’πί
569 1162 631 1227 τῶν
651 1165 779 1251 τειχῶν,
800 1162 854 1227 καί
868 1160 950 1249 πρός
960 1161 993 1229 τό
1009 1162 1114 1249 μάχης
1132 1163 1233 1249 χωρίς
1250 1164 1310 1228 αό-

235 1261 280 1345 τρῖ
294 1257 446 1351 ἐπεγείρει
464 1260 675 1345 παραδιδόναι
693 1258 730 1324 τό
745 1259 886 1342 πόλισμα
906 1261 1044 1344 πείθειν,
1075 1255 1148 1327 οὔτε
1169 1264 1309 1349 ἡμαρτη-

192 1365 322 1427 ιοκέναι
340 1363 469 1448 φάσκων
486 1358 600 1439 αότοδς
613 1358 721 1444 odota,
750 1353 822 1425 οότε
843 1359 938 1426 αάτόν
954 1359 1136 1444 ὀργίζεσθαι
1155 1360 1233 1448 πρός
1250 1361 1311 1425 ari-

233 1457 322 1543 πυός,
343 1458 423 1525 ἀλλά
440 1458 497 1546 τήν
515 1463 619 1527 αἰτίαν
635 1465 691 1547 τῆς
714 1460 908 1540 ἀποστασίας
928 1459 983 1525 ἐπί
996 1457 1049 1524 τόν
1070 1461 1124 1549 βίᾳ
1138 1459 1309 1543 κατασχόν-

232 1584 289 1643 τα,
318 1558 374 1624 oris
393 1560 441 1623 dr?
460 1557 578 1635 αδτοός
596 1556 676 1625 εἶναι
692 1557 767 1635 τούς
782 1553 1052 1643 ἠναγκασμένους.
1082 1559 1188 1643 διόπερ
1208 1559 1262 1622 καί
1281 1558 1312 1623 εἴ
1395 1620 1402 1636 ,

232 1657 489 1744 προσχωρήσαιεν
505 1653 643 1740 ἀμαχεί,
661 1663 792 1733 ,πολλαῖς
815 1655 1007 1743 εάεργεσίαις
1025 1656 1212 1738 ἀμείβεσθαι
1228 1652 1310 1721 εἶναι

233 1759 365 1833 δίκαιος.
387 1755 416 1821 οἱ
435 1760 466 1822 δ’
486 1755 540 1820 ἀπὶ
556 1758 612 1820 rori
626 1756 749 1838 τείχους
768 1752 869 1829 εάθός
898 1755 964 1818 οὐδ’
981 1749 1073 1829 ὅλους
1088 1754 1311 1833 ἀναμείναντες

193 1850 368 1919 ιὸάκοῦσαι
386 1851 461 1928 τοός
476 1850 562 1938 παρά
576 1854 730 1936 βασιλέως
745 1848 855 1935 λόγους
860 1904 871 1934 ,
907 1854 1007 1926 κακῶς
1025 1875 1059 1914 τε
1074 1849 1212 1936 ἔφασκον
1226 1844 1312 1935 ήκειν

233 1948 349 2033 αάτόν,
385 1954 441 2017 καί
455 1948 528 2027 roric
545 1945 666 2034 ἀπάτης
682 1952 833 2034 γέμοντας
856 1953 1006 2015 τουτουσί
1025 1945 1137 2031 λόγους
1158 1948 1216 2011 οάκ
1232 1949 1313 2013 ἐκεί·

231 2072 316 2131 νοις,
343 2041 413 2113 οότε
439 2050 609 2113 δεδωκόσιν
628 2040 697 2113 οότε
713 2047 793 2134 πρός
811 2047 930 2133 ἀπάτην
950 2040 1037 2113 οάσιν
1055 2044 1210 2128 erisrdiotg,¹
1240 2045 1334 2111 dtt’ss

231 2142 351 2234 ἑτέροις
364 2150 482 2229 μᾶλλον
503 2143 670 2233 προσήκειν
692 2151 803 2231 λέγειν·
831 2145 923 2212 uiroc*
940 2149 973 2212 δὲ
990 2150 1033 2234 τῷ
1050 2171 1084 2211 τε
1100 2143 1314 2210 πεπιστευκότα

231 2244 290 2331 τήν
309 2248 411 2311 πίστιν
427 2245 589 2331 τηρήσειν,
622 2244 677 2311 καί
690 2243 726 2311 τό
744 2242 896 2334 φρούριον
921 2244 1071 2332 φυλάξειν
1090 2246 1256 2330 ἀσφαλῶς.
1293 2242 1312 2308 δ

177 2341 380 2428 Ικοβασιλεός
397 2347 426 2409 δ’
447 2336 542 2422 αὖθις
558 2347 686 2427 πέμψας
700 2339 844 2431 ἑτέρους,
863 2341 909 2430 μή
927 2341 962 2410 τό
984 2347 1085 2419 κακῶς
1105 2348 1219 2408 παθεῖν
1234 2367 1312 2408 συν-

232 2445 394 2529 εβούλευεν
412 2439 540 2510 ἑλέσθαι
550 2447 670 2525 μᾶλλον
686 2446 720 2522 ἐξ
740 2444 907 2527 ἀβουλίας,
937 2439 1008 2507 ἐνόν
1028 2440 1088 2519 ἔξω
1104 2466 1138 2506 τε
1159 2443 1310 2506 κινδύνων

232 2539 313 2609 εἶναι
331 2543 386 2608 καί
402 2547 516 2607 παθεῖν
533 2534 586 2608 εὖ.
620 2546 684 2606 τῶν
695 2544 733 2609 ’δὲ
750 2543 939 2629 ὑβριστικῶς
959 2541 1233 2628 ἀποκριναμένων,
1253 2538 1309 2604 καὶ

234 2643 333 2717 λίθοις
349 2630 405 2705 καί
415 2644 520 2724 βέλεσι
535 2637 609 2717 τοός
626 2642 875 2723 ἀπεσταλμένους
890 2637 1059 2723 βαλόντων,
1081 2636 1185 2726 ἕτερόν
1199 2663 1234 2702 τε
1247 2665 1310 2722 μη-

236 2742 311 2803 δένα
337 2736 411 2826 πρός
437 2738 553 2817 αδτοός
577 2735 664 2825 ήκειν
680 2742 967 2827 παραγγειλάντων,
1003 2740 1047 2815 ῶς
1065 2736 1162 2804 odiis
1183 2739 1311 2807 ἀποκτε-

193 2835 377 2925 εόνοόνιωι,
397 2837 467 2931 ἐπεί
479 2838 524 2924 μή
540 2836 641 2924 λόγοις
663 2834 748 2929 ἑώρα
767 2844 888 2907 πείθειν
907 2837 1039 2917 δυνατός
1053 2832 1098 2904 ῶν
1119 2833 1310 2923 δβασιλεός,

235 3049 263 3096 et
290 3045 350 3111 capi
372 3041 477 3095 facilior
499 3050 626 3113 possent,
658 3041 722 3095 illae
740 3051 770 3095 et
786 3043 846 3112 plus
874 3047 1018 3101 nocerent,
1045 3046 1152 3092 etcum
1177 3043 1311 3092 structura

235 3115 391 3176 moenium,
419 3122 476 3166 tum
491 3115 605 3166 militari
624 3112 698 3165 intus
725 3113 863 3182 praesidio
888 3120 979 3178 essent
1001 3110 1194 3166 validissimae.
1229 3109 1312 3161 Stetit

235 3186 386 3246 sententis,
404 3186 480 3254 prius
499 3186 584 3253 Apros
603 3183 806 3252 aggrediendus.
840 3184 941 3236 Paratis
961 3181 1088 3234 omnibus
1107 3189 1134 3233 et
1151 3180 1266 3251 pecnnia
1281 3179 1313 3233 in

236 3252 373 3322 stipendia
390 3263 528 3308 numerata
539 3294 551 3318 ,
564 3252 757 3320 Didymoticho
778 3255 844 3306 illuc
859 3261 980 3307 movent:
1008 3252 1056 3303 ubi
1072 3252 1164 3303 castris
1188 3266 1311 3302 commu·

234 3325 317 3385 nitio,
335 3324 540 3377 caduceatorem
554 3323 641 3376 mittit
655 3326 815 3394 imperator,
836 3326 883 3394 qui
907 3341 956 3392 pro
975 3323 1057 3375 muris
1075 3330 1176 3374 stantes
1204 3322 1311 3382 salutet,

236 3394 312 3445 etad
333 3396 428 3447 urbem
443 3396 503 3448 sine
521 3394 697 3447 dimicatione
715 3392 866 3445 dedendam
880 3393 1018 3464 impellat,
1037 3392 1173 3464 dicatque,
1190 3408 1247 3443 non
1263 3407 1311 3442 eos
1353 3412 1357 3417 ε

236 3462 385 3529 deliquisse
401 3465 551 3537 quidquam
563 3504 571 3530 ‚
582 3460 641 3518 ‘nee
654 3466 844 3535 imperatorem
862 3465 929 3533 ipsis
946 3463 1039 3515 irasci:
1068 3462 1115 3514 sed
1133 3463 1240 3530 culpam
1262 3458 1313 3511 de-

235 3533 456 3603 iectionispeues
474 3555 536 3589 eum
552 3554 631 3599 esse,
650 3536 699 3605 qui
711 3536 828 3601 delicere
844 3535 1058 3604 coegisset,'non
1074 3550 1156 3602 penes
1176 3532 1248 3593 iilos,
1263 3530 1312 3599 qui

235 3605 320 3656 coacti
340 3606 462 3658 fuissent
499 3606 682 3675 Quamobrem
698 3605 729 3667 si,
743 3590 840 3674 positis
859 3606 949 3666 armis,
975 3602 1009 3654 ad
1032 3604 1112 3654 iidem
1136 3601 1312 3670 officiumque

234 3674 376 3741 redirent,
394 3677 480 3728 multa
494 3675 627 3729 beneficia
643 3679 846 3746 promerituros.
881 3677 917 3726 At
932 3674 1004 3726 enim
1021 3676 1068 3744 qni
1083 3676 1112 3725 in
1129 3671 1211 3724 muris
1227 3678 1313 3733 eraut,

234 3761 270 3796 ne
286 3753 374 3796 totum
390 3746 510 3815 quidem,
529 3748 604 3818 quod
622 3745 773 3808 dicebatur,
790 3745 884 3798 andire
903 3746 1077 3805 sustinentes,
1091 3744 1206 3810 maligne
1224 3742 1314 3810 ipsum

233 3817 329 3867 venire
345 3817 558 3881 succlamabunt,
574 3826 602 3869 et
616 3818 777 3870 cantilenam
795 3818 882 3868 istanc
896 3834 951 3869 non
968 3815 1037 3875 sibi,
1062 3812 1109 3882 qui
1129 3811 1203 3864 omni
1222 3817 1314 3863 essent

237 3893 360 3952 expertes
375 3895 448 3938 metu
466 3904 516 3940 nee
529 3888 600 3939 dolis
613 3885 707 3940 ddludi
726 3888 807 3940 facile
821 3896 940 3956 possent,
961 3884 1009 3936 sed
1029 3882 1090 3934 eliis
1107 3882 1198 3951 potius
1212 3881 1313 3933 debere

238 3956 376 4023 occinere:
395 3972 424 4008 se
439 3957 566 4009 creditori
580 3974 632 4009 suo
653 3957 734 4009 fidem
746 3967 775 4010 et
796 3956 927 4026 oppidum
942 3964 1002 4007 tuto
1020 3960 1177 4005 servaturos.
1213 3953 1315 4005 Iterato

238 4026 385 4079 mittuntur
403 4028 471 4091 alii,
497 4031 545 4099 qui
565 4027 710 4093 suadeant,
736 4046 771 4081 ne
796 4028 911 4079 consitio
932 4027 1004 4077 malo
1027 4040 1164 4095 pravoque
1184 4021 1317 4074 maleficia

238 4109 322 4163 quum
335 4095 484 4162 beneficia,
502 4115 562 4149 cum
574 4100 693 4181 possint,
712 4098 829 4168 experiri
847 4098 950 4149 malint
988 4094 1096 4165 Quibus
1121 4093 1317 4147 contumeliose

179 4178 182 4191 ·
237 4165 486 4233 respondentibus,
501 4167 694 4241 lapidibusque
708 4177 737 4221 ct
757 4168 852 4221 iaculis
867 4166 1061 4220 caduceatores
1070 4162 1273 4235 appetentibus,
1285 4174 1318 4210 sc

236 4232 273 4289 ds
291 4242 382 4291 cetero
395 4252 559 4311 quemquam
572 4237 607 4292 ad
620 4256 649 4294 ιε
666 4239 740 4292 mitti
762 4236 932 4302 sumtibus,
959 4237 1014 4294 nisi
1039 4251 1101 4292 cum
1120 4233 1238 4287 ocoimm
1258 4229 1317 4284 vei·

697 4372 706 4407 i
