<?xml version="1.0" encoding="UTF-8"?>
<!DOCTYPE html PUBLIC "-//W3C//DTD XHTML 1.0 Transitional//EN"
    "http://www.w3.org/TR/xhtml1/DTD/xhtml1-transitional.dtd">
<html xmlns="http://www.w3.org/1999/xhtml" xml:lang="en" lang="en">
 <head>
  <title>
</title>
<meta http-equiv="Content-Type" content="text/html;charset=utf-8" />
  <meta name='ocr-system' content='tesseract 3.04.00' />
  <meta name='ocr-capabilities' content='ocr_page ocr_carea ocr_par ocr_line ocrx_word'/>
</head>
<body>
  <div class='ocr_page' id='page_1' title='image "./ioanniscantacuz01joangoog_0347.png"; bbox 0 0 3000 4742; ppageno 0'>
   <div class='ocr_carea' id='block_1_1' title="bbox 475 332 1224 417">
    <p class='ocr_par' dir='ltr' id='par_1_1' title="bbox 475 332 1224 417">
     <span class='ocr_line' id='line_1_1' title="bbox 475 332 1224 417; baseline -0.015 -20"><span class='ocrx_word' id='word_1_1' title='bbox 475 333 757 399; x_wconf 76' lang='lat' dir='ltr'><strong>nssroursnusr</strong></span> <span class='ocrx_word' id='word_1_2' title='bbox 787 337 811 395; x_wconf 88' lang='grc' dir='ltr'><em>ι.</em></span> <span class='ocrx_word' id='word_1_3' title='bbox 847 336 896 405; x_wconf 67' lang='grc' dir='ltr'><em>τε,</em></span> <span class='ocrx_word' id='word_1_4' title='bbox 1148 332 1224 417; x_wconf 77' lang='lat'><strong>291</strong></span> 
     </span>
    </p>
   </div>
   <div class='ocr_carea' id='block_1_2' title="bbox 97 479 1389 2936">
    <p class='ocr_par' dir='ltr' id='par_1_2' title="bbox 97 479 1389 2936">
     <span class='ocr_line' id='line_1_2' title="bbox 141 479 1389 576; baseline 0 -23"><span class='ocrx_word' id='word_1_5' title='bbox 141 490 198 576; x_wconf 69' lang='grc' dir='ltr'><strong>ἐξῇ</strong></span> <span class='ocrx_word' id='word_1_6' title='bbox 207 539 218 570; x_wconf 94' lang='grc'><em>,</em></span> <span class='ocrx_word' id='word_1_7' title='bbox 239 481 371 570; x_wconf 66' lang='lat' dir='ltr'><strong>sipritus</strong></span> <span class='ocrx_word' id='word_1_8' title='bbox 386 486 427 551; x_wconf 80' lang='grc' dir='ltr'><em>τὰ</em></span> <span class='ocrx_word' id='word_1_9' title='bbox 444 484 565 553; x_wconf 76' lang='grc' dir='ltr'><em>δυνατὰ</em></span> <span class='ocrx_word' id='word_1_10' title='bbox 579 481 789 573; x_wconf 79' lang='grc' dir='ltr'><em>ἇδικουμένρι,</em></span> <span class='ocrx_word' id='word_1_11' title='bbox 810 488 866 554; x_wconf 84' lang='grc' dir='ltr'><strong>καῖ</strong></span> <span class='ocrx_word' id='word_1_12' title='bbox 878 486 1016 572; x_wconf 74' lang='grc' dir='ltr'><em>μάλιστα</em></span> <span class='ocrx_word' id='word_1_13' title='bbox 1032 488 1065 566; x_wconf 68' lang='lat' dir='ltr'><strong>i}</strong></span> <span class='ocrx_word' id='word_1_14' title='bbox 1080 479 1151 550; x_wconf 80' lang='grc' dir='ltr'><em>ὅταν</em></span> <span class='ocrx_word' id='word_1_15' title='bbox 1166 497 1295 552; x_wconf 71' lang='grc' dir='ltr'><em>ιτα-Μ).</em></span> <span class='ocrx_word' id='word_1_16' title='bbox 1306 490 1389 571; x_wconf 68' lang='grc' dir='ltr'><strong>ιλοῖΙ</strong></span> 
     </span>
     <span class='ocr_line' id='line_1_3' title="bbox 139 583 1227 672; baseline -0.003 -22"><span class='ocrx_word' id='word_1_17' title='bbox 139 586 178 650; x_wconf 81' lang='lat' dir='ltr'><strong>ra&#39;</strong></span> <span class='ocrx_word' id='word_1_18' title='bbox 194 609 229 649; x_wconf 83' lang='grc' dir='ltr'><strong>τε</strong></span> <span class='ocrx_word' id='word_1_19' title='bbox 247 585 368 671; x_wconf 65' lang='grc' dir='ltr'><em>Ῥὴγιον</em></span> <span class='ocrx_word' id='word_1_20' title='bbox 383 584 631 668; x_wconf 71' lang='grc' dir='ltr'><em>ἀπολογούμενος</em></span> <span class='ocrx_word' id='word_1_21' title='bbox 651 583 669 649; x_wconf 82' lang='grc' dir='ltr'><em>ὅ</em></span> <span class='ocrx_word' id='word_1_22' title='bbox 678 583 827 667; x_wconf 71' lang='grc' dir='ltr'><em>βασιλεύς</em></span> <span class='ocrx_word' id='word_1_23' title='bbox 843 585 946 672; x_wconf 76' lang='grc' dir='ltr'><em>πάσης</em></span> <span class='ocrx_word' id='word_1_24' title='bbox 954 588 1108 652; x_wconf 73' lang='grc' dir='ltr'><em>ἀπέλυσεν</em></span> <span class='ocrx_word' id='word_1_25' title='bbox 1125 585 1227 658; x_wconf 76' lang='grc' dir='ltr'><em>αἰτίας</em></span> 
     </span>
     <span class='ocr_line' id='line_1_4' title="bbox 136 676 1318 770; baseline -0.002 -23"><span class='ocrx_word' id='word_1_26' title='bbox 136 680 267 764; x_wconf 72' lang='grc' dir='ltr'><em>ἑαυτὸν,</em></span> <span class='ocrx_word' id='word_1_27' title='bbox 297 687 459 770; x_wconf 85' lang='grc' dir='ltr'><em>(παρεῖναι</em></span> <span class='ocrx_word' id='word_1_28' title='bbox 473 680 533 768; x_wconf 75' lang='grc' dir='ltr'><strong>γοὶρ</strong></span> <span class='ocrx_word' id='word_1_29' title='bbox 550 681 620 747; x_wconf 84' lang='grc' dir='ltr'><em>τότε</em></span> <span class='ocrx_word' id='word_1_30' title='bbox 633 682 690 746; x_wconf 74' lang='grc' dir='ltr'><strong>καὶ</strong></span> <span class='ocrx_word' id='word_1_31' title='bbox 705 678 854 768; x_wconf 58' lang='lat' dir='ltr'><strong>adserit)</strong></span> <span class='ocrx_word' id='word_1_32' title='bbox 882 689 937 750; x_wconf 74' lang='lat' dir='ltr'><strong>rat</strong></span> <span class='ocrx_word' id='word_1_33' title='bbox 950 686 1091 750; x_wconf 75' lang='grc' dir='ltr'><em>ἐνταῦθα</em></span> <span class='ocrx_word' id='word_1_34' title='bbox 1108 676 1318 769; x_wconf 58' lang='lat' dir='ltr'><strong>‹ipsud-timis</strong></span> 
     </span>
     <span class='ocr_line' id='line_1_5' title="bbox 135 780 1233 870; baseline 0.003 -26"><span class='ocrx_word' id='word_1_35' title='bbox 135 806 230 863; x_wconf 82' lang='grc' dir='ltr'><em>μενος</em></span> <span class='ocrx_word' id='word_1_36' title='bbox 257 780 570 866; x_wconf 69' lang='grc' dir='ltr'><em>πολλαῖςὲχρὴσατο</em></span> <span class='ocrx_word' id='word_1_37' title='bbox 596 780 720 866; x_wconf 66' lang='grc' dir='ltr'><em>δεήσεσι</em></span> <span class='ocrx_word' id='word_1_38' title='bbox 742 780 799 846; x_wconf 79' lang='grc' dir='ltr'><strong>καῖ</strong></span> <span class='ocrx_word' id='word_1_39' title='bbox 815 780 945 859; x_wconf 76' lang='grc' dir='ltr'><em>ἱκεσίαις</em></span> <span class='ocrx_word' id='word_1_40' title='bbox 965 782 1043 870; x_wconf 78' lang='grc' dir='ltr'><em>πρὸς</em></span> <span class='ocrx_word' id='word_1_41' title='bbox 1067 782 1125 848; x_wconf 85' lang='grc' dir='ltr'><em>τδν</em></span> <span class='ocrx_word' id='word_1_42' title='bbox 1148 780 1233 847; x_wconf 48' lang='grc' dir='ltr'><em>πάττε</em></span> 
     </span>
     <span class='ocr_line' id='line_1_6' title="bbox 115 877 1229 969; baseline 0.004 -25"><span class='ocrx_word' id='word_1_43' title='bbox 115 890 195 952; x_wconf 81' lang='grc' dir='ltr'><em>5πον</em></span> <span class='ocrx_word' id='word_1_44' title='bbox 205 933 216 963; x_wconf 95' lang='grc'><em>,</em></span> <span class='ocrx_word' id='word_1_45' title='bbox 246 880 293 966; x_wconf 69' lang='grc' dir='ltr'><strong>μὴ</strong></span> <span class='ocrx_word' id='word_1_46' title='bbox 311 878 366 945; x_wconf 82' lang='grc' dir='ltr'><em>τὸν</em></span> <span class='ocrx_word' id='word_1_47' title='bbox 385 877 519 960; x_wconf 88' lang='grc' dir='ltr'><em>πόλεμον</em></span> <span class='ocrx_word' id='word_1_48' title='bbox 537 888 648 951; x_wconf 84' lang='grc' dir='ltr'><em>κινεῖν.</em></span> <span class='ocrx_word' id='word_1_49' title='bbox 685 877 808 965; x_wconf 73' lang='grc' dir='ltr'><em>γνώμης</em></span> <span class='ocrx_word' id='word_1_50' title='bbox 825 887 885 964; x_wconf 82' lang='grc' dir='ltr'><strong>μὲν</strong></span> <span class='ocrx_word' id='word_1_51' title='bbox 899 877 958 949; x_wconf 74' lang='grc' dir='ltr'><strong>οὖν</strong></span> <span class='ocrx_word' id='word_1_52' title='bbox 977 878 1079 961; x_wconf 59' lang='grc' dir='ltr'><em>οὕτως</em></span> <span class='ocrx_word' id='word_1_53' title='bbox 1105 880 1229 969; x_wconf 80' lang='grc' dir='ltr'><em>ἔφασαν</em></span> 
     </span>
     <span class='ocr_line' id='line_1_7' title="bbox 135 975 1229 1069; baseline 0.002 -25"><span class='ocrx_word' id='word_1_54' title='bbox 135 978 227 1064; x_wconf 85' lang='grc' dir='ltr'><em>ἔχειν</em></span> <span class='ocrx_word' id='word_1_55' title='bbox 250 983 305 1043; x_wconf 81' lang='grc' dir='ltr'><strong>καῖ</strong></span> <span class='ocrx_word' id='word_1_56' title='bbox 325 982 540 1064; x_wconf 76' lang='grc' dir='ltr'><strong><em>παρασκευῆς·</em></strong></span> <span class='ocrx_word' id='word_1_57' title='bbox 579 981 779 1065; x_wconf 80' lang='grc' dir='ltr'><em>ἐνδεεστέρας</em></span> <span class='ocrx_word' id='word_1_58' title='bbox 806 983 841 1046; x_wconf 74' lang='grc' dir='ltr'><strong>δέ</strong></span> <span class='ocrx_word' id='word_1_59' title='bbox 868 975 962 1069; x_wconf 71' lang='grc' dir='ltr'><em>οὔσης</em></span> <span class='ocrx_word' id='word_1_60' title='bbox 983 985 1042 1067; x_wconf 71' lang='grc' dir='ltr'><em>τῆς</em></span> <span class='ocrx_word' id='word_1_61' title='bbox 1065 983 1229 1065; x_wconf 81' lang='grc' dir='ltr'><em>δυνάμεως·</em></span> 
     </span>
     <span class='ocr_line' id='line_1_8' title="bbox 134 1071 1230 1166; baseline 0.001 -22"><span class='ocrx_word' id='word_1_62' title='bbox 134 1079 253 1144; x_wconf 68' lang='grc' dir='ltr'><em>αὐτῶν</em></span> <span class='ocrx_word' id='word_1_63' title='bbox 268 1071 289 1163; x_wconf 76' lang='grc' dir='ltr'><em>ἢ</em></span> <span class='ocrx_word' id='word_1_64' title='bbox 305 1076 385 1142; x_wconf 78' lang='grc' dir='ltr'><em>κατὰ</em></span> <span class='ocrx_word' id='word_1_65' title='bbox 406 1075 465 1161; x_wconf 72' lang='grc' dir='ltr'><em>τὴν</em></span> <span class='ocrx_word' id='word_1_66' title='bbox 484 1078 676 1163; x_wconf 77' lang='grc' dir='ltr'><em>προθυμίαν,</em></span> <span class='ocrx_word' id='word_1_67' title='bbox 688 1077 810 1165; x_wconf 78' lang='grc' dir='ltr'><em>,καιρὸν</em></span> <span class='ocrx_word' id='word_1_68' title='bbox 826 1082 939 1166; x_wconf 79' lang='grc' dir='ltr'><strong>ζητεῖν,</strong></span> <span class='ocrx_word' id='word_1_69' title='bbox 962 1086 1036 1148; x_wconf 86' lang='grc' dir='ltr'><em>καθ’</em></span> <span class='ocrx_word' id='word_1_70' title='bbox 1052 1077 1087 1147; x_wconf 83' lang='grc' dir='ltr'><strong>ὃν</strong></span> <span class='ocrx_word' id='word_1_71' title='bbox 1109 1074 1149 1146; x_wconf 78' lang='grc' dir='ltr'><strong>δν</strong></span> <span class='ocrx_word' id='word_1_72' title='bbox 1169 1076 1230 1145; x_wconf 74' lang='grc' dir='ltr'><strong>αὖ·</strong></span> 
     </span>
     <span class='ocr_line' id='line_1_9' title="bbox 134 1174 1271 1267; baseline 0.003 -27"><span class='ocrx_word' id='word_1_73' title='bbox 134 1185 207 1252; x_wconf 90' lang='grc' dir='ltr'><em>τοῖς</em></span> <span class='ocrx_word' id='word_1_74' title='bbox 224 1178 380 1260; x_wconf 72' lang='grc' dir='ltr'><em>ἐγγένοιτο</em></span> <span class='ocrx_word' id='word_1_75' title='bbox 401 1179 456 1240; x_wconf 84' lang='grc' dir='ltr'><strong>καῖ</strong></span> <span class='ocrx_word' id='word_1_76' title='bbox 477 1175 557 1266; x_wconf 76' lang='grc' dir='ltr'><em>ἔργῳ</em></span> <span class='ocrx_word' id='word_1_77' title='bbox 574 1174 598 1239; x_wconf 67' lang='grc' dir='ltr'><strong>οἳ</strong></span> <span class='ocrx_word' id='word_1_78' title='bbox 615 1181 793 1262; x_wconf 87' lang='grc' dir='ltr'><em>προειλοντο</em></span> <span class='ocrx_word' id='word_1_79' title='bbox 815 1181 908 1267; x_wconf 77' lang='grc' dir='ltr'><em>δρᾷν·</em></span> <span class='ocrx_word' id='word_1_80' title='bbox 929 1176 966 1246; x_wconf 84' lang='grc' dir='ltr'><strong>δν</strong></span> <span class='ocrx_word' id='word_1_81' title='bbox 983 1178 1022 1265; x_wconf 73' lang='grc' dir='ltr'><strong>δὴ</strong></span> <span class='ocrx_word' id='word_1_82' title='bbox 1037 1182 1140 1254; x_wconf 77' lang='grc' dir='ltr'><em>καλῶς</em></span> <span class='ocrx_word' id='word_1_83' title='bbox 1158 1202 1229 1244; x_wconf 68' lang='grc' dir='ltr'><em>ποι·</em></span> <span class='ocrx_word' id='word_1_84' title='bbox 1266 1192 1271 1203; x_wconf 86' lang='grc'>’</span> 
     </span>
     <span class='ocr_line' id='line_1_10' title="bbox 136 1270 1230 1365; baseline 0.005 -28"><span class='ocrx_word' id='word_1_85' title='bbox 136 1279 239 1339; x_wconf 69' lang='lat' dir='ltr'><strong>ocimu</strong></span> <span class='ocrx_word' id='word_1_86' title='bbox 259 1270 364 1361; x_wconf 72' lang='grc' dir='ltr'><em>ἥκειν.</em></span> <span class='ocrx_word' id='word_1_87' title='bbox 383 1275 463 1356; x_wconf 78' lang='grc' dir='ltr'><em>μετὰ</em></span> <span class='ocrx_word' id='word_1_88' title='bbox 483 1271 543 1359; x_wconf 80' lang='grc' dir='ltr'><em>γολρ</em></span> <span class='ocrx_word' id='word_1_89' title='bbox 565 1274 602 1338; x_wconf 84' lang='grc' dir='ltr'><em>τὸ</em></span> <span class='ocrx_word' id='word_1_90' title='bbox 619 1278 751 1356; x_wconf 80' lang='grc' dir='ltr'><strong><em>βασιλέα</em></strong></span> <span class='ocrx_word' id='word_1_91' title='bbox 770 1273 822 1342; x_wconf 74' lang='grc' dir='ltr'><em>τὸν</em></span> <span class='ocrx_word' id='word_1_92' title='bbox 837 1280 905 1342; x_wconf 87' lang='grc' dir='ltr'><em>νέον</em></span> <span class='ocrx_word' id='word_1_93' title='bbox 924 1276 1003 1363; x_wconf 80' lang='grc' dir='ltr'><em>πρὸς</em></span> <span class='ocrx_word' id='word_1_94' title='bbox 1020 1277 1077 1363; x_wconf 78' lang='grc' dir='ltr'><em>τὴν</em></span> <span class='ocrx_word' id='word_1_95' title='bbox 1095 1273 1230 1365; x_wconf 72' lang='grc' dir='ltr'><em>ἑσπέραν</em></span> 
     </span>
     <span class='ocr_line' id='line_1_11' title="bbox 97 1370 1229 1466; baseline 0.005 -31"><span class='ocrx_word' id='word_1_96' title='bbox 97 1373 379 1459; x_wconf 79' lang='grc' dir='ltr'><em>τοέκστρατεῦσαι,</em></span> <span class='ocrx_word' id='word_1_97' title='bbox 399 1371 477 1448; x_wconf 78' lang='grc' dir='ltr'><strong>τούς</strong></span> <span class='ocrx_word' id='word_1_98' title='bbox 498 1371 557 1458; x_wconf 63' lang='grc' dir='ltr'><strong>τήν</strong></span> <span class='ocrx_word' id='word_1_99' title='bbox 576 1370 722 1459; x_wconf 68' lang='grc' dir='ltr'><em>φυλακήν</em></span> <span class='ocrx_word' id='word_1_100' title='bbox 733 1376 789 1458; x_wconf 78' lang='grc' dir='ltr'><em>τῆς</em></span> <span class='ocrx_word' id='word_1_101' title='bbox 805 1371 923 1452; x_wconf 85' lang='grc' dir='ltr'><em>πόλεως</em></span> <span class='ocrx_word' id='word_1_102' title='bbox 938 1377 1229 1466; x_wconf 69' lang='grc' dir='ltr'><em>ἔπιτετραμμένους,</em></span> 
     </span>
     <span class='ocr_line' id='line_1_12' title="bbox 137 1462 1314 1559; baseline 0.004 -24"><span class='ocrx_word' id='word_1_103' title='bbox 137 1466 227 1535; x_wconf 69' lang='grc' dir='ltr'><em>οὕτω</em></span> <span class='ocrx_word' id='word_1_104' title='bbox 245 1475 301 1536; x_wconf 81' lang='grc' dir='ltr'><em>τοῦ</em></span> <span class='ocrx_word' id='word_1_105' title='bbox 320 1476 398 1536; x_wconf 77' lang='grc' dir='ltr'><em>θεοῦ</em></span> <span class='ocrx_word' id='word_1_106' title='bbox 414 1468 577 1558; x_wconf 73' lang='grc' dir='ltr'><em>πόρρωθεν</em></span> <span class='ocrx_word' id='word_1_107' title='bbox 592 1468 632 1536; x_wconf 77' lang='grc' dir='ltr'><em>τοὶ</em></span> <span class='ocrx_word' id='word_1_108' title='bbox 656 1476 881 1538; x_wconf 77' lang='grc' dir='ltr'><strong>λυσιτελοῦντα</strong></span> <span class='ocrx_word' id='word_1_109' title='bbox 898 1478 1228 1559; x_wconf 84' lang='grc' dir='ltr'><em>προκατασκευαζομέ-</em></span> <span class='ocrx_word' id='word_1_110' title='bbox 1308 1462 1314 1479; x_wconf 64' lang='grc'><strong>’</strong></span> 
     </span>
     <span class='ocr_line' id='line_1_13' title="bbox 135 1568 1229 1655; baseline 0 -20"><span class='ocrx_word' id='word_1_111' title='bbox 135 1594 218 1651; x_wconf 91' lang='grc' dir='ltr'><em>νου,</em></span> <span class='ocrx_word' id='word_1_112' title='bbox 249 1579 313 1646; x_wconf 87' lang='grc' dir='ltr'><em>τοῖς</em></span> <span class='ocrx_word' id='word_1_113' title='bbox 334 1570 390 1635; x_wconf 73' lang='grc' dir='ltr'><strong>ἐπὶ</strong></span> <span class='ocrx_word' id='word_1_114' title='bbox 410 1580 478 1647; x_wconf 91' lang='grc' dir='ltr'><em>ταῖς</em></span> <span class='ocrx_word' id='word_1_115' title='bbox 501 1569 616 1646; x_wconf 81' lang='grc' dir='ltr'><em>παλαις</em></span> <span class='ocrx_word' id='word_1_116' title='bbox 644 1574 703 1635; x_wconf 77' lang='grc' dir='ltr'><em>τοῦ</em></span> <span class='ocrx_word' id='word_1_117' title='bbox 725 1571 816 1655; x_wconf 75' lang='grc' dir='ltr'><em>ἁγίου</em></span> <span class='ocrx_word' id='word_1_118' title='bbox 835 1568 997 1655; x_wconf 63' lang='lat' dir='ltr'><strong>‘Parparos</strong></span> <span class='ocrx_word' id='word_1_119' title='bbox 1023 1576 1229 1654; x_wconf 71' lang='grc' dir='ltr'><strong>καλουμέναις</strong></span> 
     </span>
     <span class='ocr_line' id='line_1_14' title="bbox 135 1664 1317 1763; baseline 0.008 -33"><span class='ocrx_word' id='word_1_120' title='bbox 135 1667 276 1763; x_wconf 77' lang='grc' dir='ltr'><em>τείχεσιν</em></span> <span class='ocrx_word' id='word_1_121' title='bbox 303 1669 486 1752; x_wconf 73' lang='grc' dir='ltr'><em>ἐπιστῆσαι,</em></span> <span class='ocrx_word' id='word_1_122' title='bbox 525 1664 604 1731; x_wconf 76' lang='grc' dir='ltr'><em>ὥστε</em></span> <span class='ocrx_word' id='word_1_123' title='bbox 627 1667 745 1754; x_wconf 75' lang='grc' dir='ltr'><em>νύκτωρ</em></span> <span class='ocrx_word' id='word_1_124' title='bbox 768 1668 852 1752; x_wconf 86' lang='grc' dir='ltr'><em>ἔχειν</em></span> <span class='ocrx_word' id='word_1_125' title='bbox 872 1671 1107 1756; x_wconf 79' lang='grc' dir='ltr'><em>ἀγρυπνοῦντας</em></span> <span class='ocrx_word' id='word_1_126' title='bbox 1120 1676 1254 1757; x_wconf 77' lang='lat' dir='ltr'><strong>potu-P.</strong></span> <span class='ocrx_word' id='word_1_127' title='bbox 1265 1673 1317 1747; x_wconf 76' lang='grc'><strong>179</strong></span> 
     </span>
     <span class='ocr_line' id='line_1_15' title="bbox 135 1762 1227 1857; baseline -0.005 -20"><span class='ocrx_word' id='word_1_128' title='bbox 135 1768 198 1857; x_wconf 70' lang='grc' dir='ltr'><em>κέγν</em></span> <span class='ocrx_word' id='word_1_129' title='bbox 215 1762 283 1850; x_wconf 77' lang='grc' dir='ltr'><strong>ἅμα</strong></span> <span class='ocrx_word' id='word_1_130' title='bbox 304 1766 359 1831; x_wconf 81' lang='grc' dir='ltr'><strong><em>καί</em></strong></span> <span class='ocrx_word' id='word_1_131' title='bbox 372 1762 491 1851; x_wconf 76' lang='grc' dir='ltr'><em>ἑτέροις</em></span> <span class='ocrx_word' id='word_1_132' title='bbox 507 1762 586 1830; x_wconf 75' lang='lat' dir='ltr'><strong>duceri</strong></span> <span class='ocrx_word' id='word_1_133' title='bbox 606 1768 640 1830; x_wconf 74' lang='grc' dir='ltr'><strong>ἐκ</strong></span> <span class='ocrx_word' id='word_1_134' title='bbox 655 1769 821 1853; x_wconf 74' lang='grc' dir='ltr'><em>διαδοχῆς.</em></span> <span class='ocrx_word' id='word_1_135' title='bbox 846 1770 954 1845; x_wconf 76' lang='grc' dir='ltr'><em>αὐτοῖς</em></span> <span class='ocrx_word' id='word_1_136' title='bbox 965 1771 1024 1851; x_wconf 77' lang='grc' dir='ltr'><strong>μὲν</strong></span> <span class='ocrx_word' id='word_1_137' title='bbox 1042 1762 1101 1836; x_wconf 68' lang='grc' dir='ltr'><strong>οὖν</strong></span> <span class='ocrx_word' id='word_1_138' title='bbox 1118 1766 1227 1849; x_wconf 66' lang='lat' dir='ltr'><strong>critic,</strong></span> 
     </span>
     <span class='ocr_line' id='line_1_16' title="bbox 98 1861 1228 1954; baseline -0.002 -20"><span class='ocrx_word' id='word_1_139' title='bbox 98 1867 252 1938; x_wconf 72' lang='grc' dir='ltr'><em>ιὸτοέπου</em></span> <span class='ocrx_word' id='word_1_140' title='bbox 279 1868 464 1950; x_wconf 81' lang='grc' dir='ltr'><em>γενομένου,</em></span> <span class='ocrx_word' id='word_1_141' title='bbox 494 1862 616 1929; x_wconf 78' lang='grc' dir='ltr'><em>ἔννοιαν</em></span> <span class='ocrx_word' id='word_1_142' title='bbox 640 1867 791 1932; x_wconf 78' lang='grc' dir='ltr'><em>εἰσελθεῖν</em></span> <span class='ocrx_word' id='word_1_143' title='bbox 810 1869 869 1932; x_wconf 78' lang='grc' dir='ltr'><em>τοῦ</em></span> <span class='ocrx_word' id='word_1_144' title='bbox 883 1869 1075 1954; x_wconf 69' lang='grc' dir='ltr'><em>δυνήσεσθαι</em></span> <span class='ocrx_word' id='word_1_145' title='bbox 1095 1861 1134 1933; x_wconf 77' lang='grc' dir='ltr'><strong>ἄν</strong></span> <span class='ocrx_word' id='word_1_146' title='bbox 1153 1891 1228 1933; x_wconf 83' lang='grc' dir='ltr'><em>ποτε</em></span> 
     </span>
     <span class='ocr_line' id='line_1_17' title="bbox 138 1957 1226 2052; baseline 0 -21"><span class='ocrx_word' id='word_1_147' title='bbox 138 1972 274 2052; x_wconf 82' lang='grc' dir='ltr'><em>βασιλεῖ</em></span> <span class='ocrx_word' id='word_1_148' title='bbox 291 1961 466 2050; x_wconf 67' lang='grc' dir='ltr'><em>χρησίμους</em></span> <span class='ocrx_word' id='word_1_149' title='bbox 490 1957 587 2029; x_wconf 76' lang='grc' dir='ltr'><em>εἶναι.</em></span> <span class='ocrx_word' id='word_1_150' title='bbox 618 1962 688 2028; x_wconf 84' lang='grc' dir='ltr'><em>έπεῖ</em></span> <span class='ocrx_word' id='word_1_151' title='bbox 711 1965 748 2028; x_wconf 80' lang='grc' dir='ltr'><strong>δὲ’</strong></span> <span class='ocrx_word' id='word_1_152' title='bbox 769 1963 824 2030; x_wconf 73' lang='grc' dir='ltr'><em>κατ’</em></span> <span class='ocrx_word' id='word_1_153' title='bbox 842 1966 993 2033; x_wconf 73' lang='grc' dir='ltr'><em>ἐπύθοντο</em></span> <span class='ocrx_word' id='word_1_154' title='bbox 1011 1963 1085 2033; x_wconf 77' lang='grc' dir='ltr'><em>ὅσον</em></span> <span class='ocrx_word' id='word_1_155' title='bbox 1101 1966 1226 2032; x_wconf 77' lang='grc' dir='ltr'><em>οδδέποι</em></span> 
     </span>
     <span class='ocr_line' id='line_1_18' title="bbox 138 2056 1227 2152; baseline -0.002 -23"><span class='ocrx_word' id='word_1_156' title='bbox 138 2067 188 2140; x_wconf 85' lang='grc' dir='ltr'><strong>εἷς</strong></span> <span class='ocrx_word' id='word_1_157' title='bbox 204 2065 383 2142; x_wconf 78' lang='grc' dir='ltr'><em>Βυζάντιον</em></span> <span class='ocrx_word' id='word_1_158' title='bbox 404 2056 577 2148; x_wconf 71' lang='grc' dir='ltr'><em>ἀφέξεσθαι</em></span> <span class='ocrx_word' id='word_1_159' title='bbox 598 2060 708 2144; x_wconf 76' lang='grc' dir='ltr'><em>αὐτὸν,</em></span> <span class='ocrx_word' id='word_1_160' title='bbox 743 2072 807 2141; x_wconf 87' lang='grc' dir='ltr'><em>τοῖς</em></span> <span class='ocrx_word' id='word_1_161' title='bbox 826 2058 978 2151; x_wconf 75' lang='grc' dir='ltr'><em>ἑταίροις,</em></span> <span class='ocrx_word' id='word_1_162' title='bbox 1012 2060 1030 2130; x_wconf 79' lang='grc' dir='ltr'><em>δ</em></span> <span class='ocrx_word' id='word_1_163' title='bbox 1050 2090 1149 2152; x_wconf 80' lang='grc' dir='ltr'><em>φασι,</em></span> <span class='ocrx_word' id='word_1_164' title='bbox 1170 2067 1227 2127; x_wconf 78' lang='grc' dir='ltr'><strong>κδ·</strong></span> 
     </span>
     <span class='ocr_line' id='line_1_19' title="bbox 136 2154 1229 2253; baseline -0.003 -25"><span class='ocrx_word' id='word_1_165' title='bbox 136 2170 199 2249; x_wconf 81' lang='grc' dir='ltr'><strong>βον</strong></span> <span class='ocrx_word' id='word_1_166' title='bbox 220 2162 369 2250; x_wconf 78' lang='grc' dir='ltr'><em>ῥίψαντες</em></span> <span class='ocrx_word' id='word_1_167' title='bbox 375 2212 386 2243; x_wconf 93' lang='grc'><em>,</em></span> <span class='ocrx_word' id='word_1_168' title='bbox 419 2162 593 2242; x_wconf 76' lang='grc' dir='ltr'><em>διειλέχθαι</em></span> <span class='ocrx_word' id='word_1_169' title='bbox 611 2158 687 2247; x_wconf 78' lang='grc' dir='ltr'><em>περὶ</em></span> <span class='ocrx_word' id='word_1_170' title='bbox 703 2163 764 2225; x_wconf 76' lang='grc' dir='ltr'><em>τοῦ</em></span> <span class='ocrx_word' id='word_1_171' title='bbox 780 2166 909 2244; x_wconf 78' lang='grc' dir='ltr'><em>βασιλεῖ</em></span> <span class='ocrx_word' id='word_1_172' title='bbox 924 2166 968 2253; x_wconf 77' lang='grc' dir='ltr'><em>τῷ</em></span> <span class='ocrx_word' id='word_1_173' title='bbox 984 2166 1042 2252; x_wconf 76' lang='grc' dir='ltr'><strong>νέῳ</strong></span> <span class='ocrx_word' id='word_1_174' title='bbox 1058 2160 1116 2249; x_wconf 72' lang='grc' dir='ltr'><strong>τήν</strong></span> <span class='ocrx_word' id='word_1_175' title='bbox 1135 2154 1229 2228; x_wconf 78' lang='grc' dir='ltr'><em>πόλιν</em></span> 
     </span>
     <span class='ocr_line' id='line_1_20' title="bbox 137 2257 1228 2350; baseline -0.001 -23"><span class='ocrx_word' id='word_1_176' title='bbox 137 2259 346 2350; x_wconf 85' lang='grc' dir='ltr'><em>προδιδόναι,</em></span> <span class='ocrx_word' id='word_1_177' title='bbox 381 2259 562 2323; x_wconf 85' lang='grc' dir='ltr'><em>πεπεικέναι</em></span> <span class='ocrx_word' id='word_1_178' title='bbox 576 2282 609 2324; x_wconf 85' lang='grc' dir='ltr'><strong>τε</strong></span> <span class='ocrx_word' id='word_1_179' title='bbox 630 2258 736 2324; x_wconf 80' lang='grc' dir='ltr'><em>διλιαιοὶ</em></span> <span class='ocrx_word' id='word_1_180' title='bbox 757 2283 792 2325; x_wconf 86' lang='grc' dir='ltr'><strong>τε</strong></span> <span class='ocrx_word' id='word_1_181' title='bbox 811 2257 879 2344; x_wconf 77' lang='grc' dir='ltr'><strong>ἅμα</strong></span> <span class='ocrx_word' id='word_1_182' title='bbox 895 2261 1045 2342; x_wconf 84' lang='grc' dir='ltr'><em>δόξαντας</em></span> <span class='ocrx_word' id='word_1_183' title='bbox 1058 2265 1159 2345; x_wconf 84' lang='grc' dir='ltr'><em>λέγειν</em></span> <span class='ocrx_word' id='word_1_184' title='bbox 1172 2260 1228 2326; x_wconf 79' lang='grc' dir='ltr'><strong><em>καί</em></strong></span> 
     </span>
     <span class='ocr_line' id='line_1_21' title="bbox 97 2354 1226 2450; baseline -0.004 -23"><span class='ocrx_word' id='word_1_185' title='bbox 97 2363 347 2447; x_wconf 69' lang='grc' dir='ltr'><em>αοουμφέροντα</em></span> <span class='ocrx_word' id='word_1_186' title='bbox 363 2361 441 2423; x_wconf 80' lang='grc' dir='ltr'><em>πᾶσι</em></span> <span class='ocrx_word' id='word_1_187' title='bbox 461 2357 650 2439; x_wconf 75' lang='grc' dir='ltr'><em>Ῥωμαῖοις·</em></span> <span class='ocrx_word' id='word_1_188' title='bbox 669 2357 726 2423; x_wconf 78' lang='grc' dir='ltr'><strong>καῖ</strong></span> <span class='ocrx_word' id='word_1_189' title='bbox 742 2363 799 2425; x_wconf 79' lang='grc' dir='ltr'><strong>νῦν</strong></span> <span class='ocrx_word' id='word_1_190' title='bbox 818 2354 897 2425; x_wconf 76' lang='grc' dir='ltr'><em>εἶναι</em></span> <span class='ocrx_word' id='word_1_191' title='bbox 916 2363 951 2425; x_wconf 76' lang='grc' dir='ltr'><strong>ἐν</strong></span> <span class='ocrx_word' id='word_1_192' title='bbox 973 2355 1095 2450; x_wconf 77' lang='grc' dir='ltr'><em>ἓτοῖμιρ,</em></span> <span class='ocrx_word' id='word_1_193' title='bbox 1114 2358 1226 2441; x_wconf 75' lang='grc' dir='ltr'><em>κλᾴια.</em></span> 
     </span>
     <span class='ocr_line' id='line_1_22' title="bbox 139 2455 1225 2547; baseline 0 -25"><span class='ocrx_word' id='word_1_194' title='bbox 139 2465 169 2539; x_wconf 85' lang='grc' dir='ltr'><em>ξι</em></span> <span class='ocrx_word' id='word_1_195' title='bbox 184 2459 242 2524; x_wconf 80' lang='grc' dir='ltr'><em>τὸν</em></span> <span class='ocrx_word' id='word_1_196' title='bbox 262 2459 394 2540; x_wconf 83' lang='grc' dir='ltr'><em>βασιλέα</em></span> <span class='ocrx_word' id='word_1_197' title='bbox 415 2456 541 2540; x_wconf 81' lang='grc' dir='ltr'><em>οἷνοὶγειν</em></span> <span class='ocrx_word' id='word_1_198' title='bbox 559 2457 603 2532; x_wconf 81' lang='grc' dir='ltr'><strong>εἷς</strong></span> <span class='ocrx_word' id='word_1_199' title='bbox 624 2456 659 2520; x_wconf 81' lang='grc' dir='ltr'><em>τὸ</em></span> <span class='ocrx_word' id='word_1_200' title='bbox 677 2468 798 2542; x_wconf 88' lang='grc' dir='ltr'><em>τεῖχος,</em></span> <span class='ocrx_word' id='word_1_201' title='bbox 827 2455 921 2524; x_wconf 72' lang='grc' dir='ltr'><em>νύκτα</em></span> <span class='ocrx_word' id='word_1_202' title='bbox 935 2457 1132 2547; x_wconf 82' lang='grc' dir='ltr'><em>φυλάξαντας</em></span> <span class='ocrx_word' id='word_1_203' title='bbox 1152 2462 1225 2522; x_wconf 82' lang='grc' dir='ltr'><em>καθ’</em></span> 
     </span>
     <span class='ocr_line' id='line_1_23' title="bbox 136 2549 1223 2643; baseline -0.003 -20"><span class='ocrx_word' id='word_1_204' title='bbox 136 2556 180 2643; x_wconf 80' lang='grc' dir='ltr'><strong>ἢν</strong></span> <span class='ocrx_word' id='word_1_205' title='bbox 202 2555 351 2639; x_wconf 78' lang='grc' dir='ltr'><em>αδτοῖςῆ</em></span> <span class='ocrx_word' id='word_1_206' title='bbox 376 2553 510 2639; x_wconf 81' lang='grc' dir='ltr'><em>διαδοχή</em></span> <span class='ocrx_word' id='word_1_207' title='bbox 532 2557 598 2621; x_wconf 77' lang='grc' dir='ltr'><em>ἔστι</em></span> <span class='ocrx_word' id='word_1_208' title='bbox 615 2559 672 2640; x_wconf 83' lang='grc' dir='ltr'><em>τῆς</em></span> <span class='ocrx_word' id='word_1_209' title='bbox 691 2561 842 2643; x_wconf 74' lang='grc' dir='ltr'><em>φυλακῆς.</em></span> <span class='ocrx_word' id='word_1_210' title='bbox 883 2556 913 2623; x_wconf 80' lang='grc' dir='ltr'><strong>οἶ</strong></span> <span class='ocrx_word' id='word_1_211' title='bbox 937 2560 996 2639; x_wconf 79' lang='grc' dir='ltr'><strong>μὲν</strong></span> <span class='ocrx_word' id='word_1_212' title='bbox 1018 2549 1073 2623; x_wconf 70' lang='grc' dir='ltr'><strong>οὖν</strong></span> <span class='ocrx_word' id='word_1_213' title='bbox 1091 2560 1223 2621; x_wconf 79' lang='grc' dir='ltr'><em>τοιαῦτα</em></span> 
     </span>
     <span class='ocr_line' id='line_1_24' title="bbox 137 2649 1253 2740; baseline 0 -22"><span class='ocrx_word' id='word_1_214' title='bbox 137 2649 244 2719; x_wconf 80' lang='grc' dir='ltr'><em>εἶπον·</em></span> <span class='ocrx_word' id='word_1_215' title='bbox 282 2653 410 2737; x_wconf 77' lang='grc' dir='ltr'><em>ὃμέγας</em></span> <span class='ocrx_word' id='word_1_216' title='bbox 435 2654 470 2717; x_wconf 82' lang='grc' dir='ltr'><strong>δὲ</strong></span> <span class='ocrx_word' id='word_1_217' title='bbox 497 2655 676 2736; x_wconf 82' lang='grc' dir='ltr'><em>δομέστικος</em></span> <span class='ocrx_word' id='word_1_218' title='bbox 691 2654 744 2721; x_wconf 83' lang='grc' dir='ltr'><em>τὸν</em></span> <span class='ocrx_word' id='word_1_219' title='bbox 765 2659 825 2738; x_wconf 76' lang='grc' dir='ltr'><strong>μὲν</strong></span> <span class='ocrx_word' id='word_1_220' title='bbox 841 2657 1075 2740; x_wconf 81' lang='grc' dir='ltr'><em>ἆπαγγελοῦντα</em></span> <span class='ocrx_word' id='word_1_221' title='bbox 1099 2660 1253 2737; x_wconf 73' lang='grc' dir='ltr'><em>βασιλεῖΒ</em></span> 
     </span>
     <span class='ocr_line' id='line_1_25' title="bbox 137 2749 1225 2839; baseline 0 -22"><span class='ocrx_word' id='word_1_222' title='bbox 137 2755 320 2838; x_wconf 80' lang='grc' dir='ltr'><em>περιμένειν</em></span> <span class='ocrx_word' id='word_1_223' title='bbox 337 2750 476 2834; x_wconf 76' lang='grc' dir='ltr'><em>ἔπεμψεν</em></span> <span class='ocrx_word' id='word_1_224' title='bbox 491 2751 610 2835; x_wconf 78' lang='grc' dir='ltr'><em>εδθύς,</em></span> <span class='ocrx_word' id='word_1_225' title='bbox 629 2752 704 2830; x_wconf 75' lang='grc' dir='ltr'><strong>τούς</strong></span> <span class='ocrx_word' id='word_1_226' title='bbox 721 2757 757 2818; x_wconf 84' lang='grc' dir='ltr'><strong>δὲ</strong></span> <span class='ocrx_word' id='word_1_227' title='bbox 778 2758 1005 2839; x_wconf 81' lang='grc' dir='ltr'><em>διειλεγμένους</em></span> <span class='ocrx_word' id='word_1_228' title='bbox 1028 2749 1057 2836; x_wconf 83' lang='grc' dir='ltr'><strong>δ’,</strong></span> <span class='ocrx_word' id='word_1_229' title='bbox 1066 2777 1096 2818; x_wconf 89' lang='grc' dir='ltr'><strong>τι</strong></span> <span class='ocrx_word' id='word_1_230' title='bbox 1116 2777 1149 2817; x_wconf 87' lang='grc' dir='ltr'><strong>τε</strong></span> <span class='ocrx_word' id='word_1_231' title='bbox 1167 2778 1225 2817; x_wconf 87' lang='grc' dir='ltr'><strong>κα-</strong></span> 
     </span>
     <span class='ocr_line' id='line_1_26' title="bbox 98 2843 1225 2936; baseline -0.002 -21"><span class='ocrx_word' id='word_1_232' title='bbox 98 2856 244 2925; x_wconf 68' lang='grc' dir='ltr'><em>ι5λοῖντο</em></span> <span class='ocrx_word' id='word_1_233' title='bbox 259 2846 366 2935; x_wconf 78' lang='grc' dir='ltr'><em>ἠρώτα</em></span> <span class='ocrx_word' id='word_1_234' title='bbox 382 2852 437 2914; x_wconf 79' lang='grc' dir='ltr'><strong>καὶ</strong></span> <span class='ocrx_word' id='word_1_235' title='bbox 456 2847 532 2914; x_wconf 82' lang='grc' dir='ltr'><em>εἴτι</em></span> <span class='ocrx_word' id='word_1_236' title='bbox 550 2849 635 2936; x_wconf 75' lang='grc' dir='ltr'><em>παρὰ</em></span> <span class='ocrx_word' id='word_1_237' title='bbox 653 2855 808 2936; x_wconf 82' lang='grc' dir='ltr'><em>βασιλέως</em></span> <span class='ocrx_word' id='word_1_238' title='bbox 823 2855 956 2934; x_wconf 82' lang='grc' dir='ltr'><em>αἰτοῖεν,</em></span> <span class='ocrx_word' id='word_1_239' title='bbox 976 2852 1019 2926; x_wconf 77' lang='grc' dir='ltr'><strong>ὥς</strong></span> <span class='ocrx_word' id='word_1_240' title='bbox 1038 2851 1154 2915; x_wconf 82' lang='grc' dir='ltr'><em>δίκαιοι</em></span> <span class='ocrx_word' id='word_1_241' title='bbox 1174 2843 1225 2913; x_wconf 77' lang='grc' dir='ltr'><strong>ὅν-</strong></span> 
     </span>
    </p>
   </div>
   <div class='ocr_carea' id='block_1_3' title="bbox 210 2958 1224 3109">
    <p class='ocr_par' dir='ltr' id='par_1_3' title="bbox 210 2958 1224 3109">
     <span class='ocr_line' id='line_1_27' title="bbox 215 2958 1224 3039; baseline -0.003 -19"><span class='ocrx_word' id='word_1_242' title='bbox 215 2968 335 3022; x_wconf 83' lang='lat' dir='ltr'><strong>13.·Post</strong></span> <span class='ocrx_word' id='word_1_243' title='bbox 354 2965 506 3032; x_wconf 75' lang='grc' dir='ltr'><em>ἐπιστῆσαι</em></span> <span class='ocrx_word' id='word_1_244' title='bbox 521 2966 599 3021; x_wconf 88' lang='lat' dir='ltr'><strong>deest</strong></span> <span class='ocrx_word' id='word_1_245' title='bbox 624 2958 736 3029; x_wconf 66' lang='grc' dir='ltr'><em>αδτοδςε</em></span> <span class='ocrx_word' id='word_1_246' title='bbox 845 2967 886 3039; x_wconf 64' lang='lat'><strong>¹4·</strong></span> <span class='ocrx_word' id='word_1_247' title='bbox 906 2966 1004 3026; x_wconf 73' lang='grc' dir='ltr'><em>αὐταῖς</em></span> <span class='ocrx_word' id='word_1_248' title='bbox 1019 2976 1048 3021; x_wconf 90' lang='lat' dir='ltr'><strong>et</strong></span> <span class='ocrx_word' id='word_1_249' title='bbox 1067 2968 1107 3021; x_wconf 79' lang='lat'><strong>15.</strong></span> <span class='ocrx_word' id='word_1_250' title='bbox 1126 2966 1224 3022; x_wconf 75' lang='grc' dir='ltr'><em>ἔννοια</em></span> 
     </span>
     <span class='ocr_line' id='line_1_28' title="bbox 210 3037 951 3109; baseline 0.001 -20"><span class='ocrx_word' id='word_1_251' title='bbox 210 3037 370 3109; x_wconf 75' lang='lat' dir='ltr'><strong>legebantur</strong></span> <span class='ocrx_word' id='word_1_252' title='bbox 387 3038 491 3091; x_wconf 80' lang='lat' dir='ltr'><strong>vitiose.</strong></span> <span class='ocrx_word' id='word_1_253' title='bbox 946 3044 951 3053; x_wconf 82' lang='lat'>‘</span> 
     </span>
    </p>
   </div>
   <div class='ocr_carea' id='block_1_4' title="bbox 140 3165 1222 4297">
    <p class='ocr_par' dir='ltr' id='par_1_4' title="bbox 140 3165 1222 4297">
     <span class='ocr_line' id='line_1_29' title="bbox 140 3165 1222 3249; baseline -0.005 -19"><span class='ocrx_word' id='word_1_254' title='bbox 140 3194 196 3249; x_wconf 85' lang='lat' dir='ltr'><strong>qno</strong></span> <span class='ocrx_word' id='word_1_255' title='bbox 215 3173 289 3245; x_wconf 86' lang='lat' dir='ltr'><strong>apud</strong></span> <span class='ocrx_word' id='word_1_256' title='bbox 296 3172 425 3244; x_wconf 81' lang='lat' dir='ltr'><strong>Rhegium</strong></span> <span class='ocrx_word' id='word_1_257' title='bbox 443 3172 477 3225; x_wconf 89' lang='lat' dir='ltr'><strong>dc</strong></span> <span class='ocrx_word' id='word_1_258' title='bbox 496 3173 611 3227; x_wconf 87' lang='lat' dir='ltr'><strong>obiectis</strong></span> <span class='ocrx_word' id='word_1_259' title='bbox 629 3191 658 3227; x_wconf 87' lang='lat' dir='ltr'><strong>se</strong></span> <span class='ocrx_word' id='word_1_260' title='bbox 677 3177 807 3245; x_wconf 76' lang='lat' dir='ltr'><strong>purgarit,</strong></span> <span class='ocrx_word' id='word_1_261' title='bbox 817 3172 892 3244; x_wconf 88' lang='lat' dir='ltr'><strong>(narn</strong></span> <span class='ocrx_word' id='word_1_262' title='bbox 910 3180 938 3227; x_wconf 90' lang='lat' dir='ltr'><strong>et</strong></span> <span class='ocrx_word' id='word_1_263' title='bbox 955 3192 984 3227; x_wconf 88' lang='lat' dir='ltr'><strong>se</strong></span> <span class='ocrx_word' id='word_1_264' title='bbox 1001 3181 1066 3227; x_wconf 89' lang='lat' dir='ltr'><strong>tunc</strong></span> <span class='ocrx_word' id='word_1_265' title='bbox 1083 3165 1222 3245; x_wconf 68' lang='lat' dir='ltr'><strong>adfuisse)</strong></span> 
     </span>
     <span class='ocr_line' id='line_1_30' title="bbox 141 3245 1221 3329; baseline -0.004 -30"><span class='ocrx_word' id='word_1_266' title='bbox 141 3256 170 3299; x_wconf 91' lang='lat' dir='ltr'><strong>et</strong></span> <span class='ocrx_word' id='word_1_267' title='bbox 190 3246 244 3297; x_wconf 88' lang='lat' dir='ltr'><strong>huc</strong></span> <span class='ocrx_word' id='word_1_268' title='bbox 258 3247 413 3315; x_wconf 82' lang='lat' dir='ltr'><strong>profectus,</strong></span> <span class='ocrx_word' id='word_1_269' title='bbox 433 3245 527 3297; x_wconf 87' lang='lat' dir='ltr'><strong>multis</strong></span> <span class='ocrx_word' id='word_1_270' title='bbox 545 3245 672 3312; x_wconf 86' lang='lat' dir='ltr'><strong>precibus</strong></span> <span class='ocrx_word' id='word_1_271' title='bbox 691 3245 975 3329; x_wconf 74' lang='lat' dir='ltr'><strong>obtestationibusqne</strong></span> <span class='ocrx_word' id='word_1_272' title='bbox 994 3261 1071 3297; x_wconf 87' lang='lat' dir='ltr'><strong>avum</strong></span> <span class='ocrx_word' id='word_1_273' title='bbox 1093 3246 1221 3307; x_wconf 79' lang='lat' dir='ltr'><strong>enecarit,</strong></span> 
     </span>
     <span class='ocr_line' id='line_1_31' title="bbox 140 3315 1220 3385; baseline -0.002 -17"><span class='ocrx_word' id='word_1_274' title='bbox 140 3334 177 3368; x_wconf 89' lang='lat' dir='ltr'><strong>ne</strong></span> <span class='ocrx_word' id='word_1_275' title='bbox 195 3317 296 3368; x_wconf 89' lang='lat' dir='ltr'><strong>beilum</strong></span> <span class='ocrx_word' id='word_1_276' title='bbox 316 3315 462 3372; x_wconf 77' lang='lat' dir='ltr'><strong>ordiretur.</strong></span> <span class='ocrx_word' id='word_1_277' title='bbox 501 3316 598 3366; x_wconf 75' lang='lat' dir='ltr'><strong>Animo</strong></span> <span class='ocrx_word' id='word_1_278' title='bbox 624 3317 708 3384; x_wconf 85' lang='lat' dir='ltr'><strong>igitur</strong></span> <span class='ocrx_word' id='word_1_279' title='bbox 733 3324 761 3365; x_wconf 91' lang='lat' dir='ltr'><strong>et</strong></span> <span class='ocrx_word' id='word_1_280' title='bbox 785 3316 899 3367; x_wconf 84' lang='lat' dir='ltr'><strong>consitio</strong></span> <span class='ocrx_word' id='word_1_281' title='bbox 927 3324 966 3367; x_wconf 84' lang='lat' dir='ltr'><strong>sta</strong></span> <span class='ocrx_word' id='word_1_282' title='bbox 991 3334 1019 3368; x_wconf 92' lang='lat' dir='ltr'><strong>sc</strong></span> <span class='ocrx_word' id='word_1_283' title='bbox 1036 3322 1142 3385; x_wconf 88' lang='lat' dir='ltr'><strong>paratos</strong></span> <span class='ocrx_word' id='word_1_284' title='bbox 1162 3328 1220 3366; x_wconf 85' lang='lat' dir='ltr'><strong>esse</strong></span> 
     </span>
     <span class='ocr_line' id='line_1_32' title="bbox 141 3383 1219 3456; baseline -0.004 -18"><span class='ocrx_word' id='word_1_285' title='bbox 141 3387 259 3439; x_wconf 78' lang='lat' dir='ltr'><strong>aiebant.</strong></span> <span class='ocrx_word' id='word_1_286' title='bbox 299 3386 354 3439; x_wconf 88' lang='lat' dir='ltr'><strong>Sed</strong></span> <span class='ocrx_word' id='word_1_287' title='bbox 378 3386 445 3456; x_wconf 81' lang='lat' dir='ltr'><strong>quia</strong></span> <span class='ocrx_word' id='word_1_288' title='bbox 471 3385 603 3436; x_wconf 78' lang='lat' dir='ltr'><strong>alacritati</strong></span> <span class='ocrx_word' id='word_1_289' title='bbox 631 3402 679 3453; x_wconf 88' lang='lat' dir='ltr'><strong>par</strong></span> <span class='ocrx_word' id='word_1_290' title='bbox 702 3384 815 3436; x_wconf 75' lang='lat' dir='ltr'><strong>facultas</strong></span> <span class='ocrx_word' id='word_1_291' title='bbox 840 3383 963 3449; x_wconf 88' lang='lat' dir='ltr'><strong>deesset,</strong></span> <span class='ocrx_word' id='word_1_292' title='bbox 990 3384 1219 3455; x_wconf 74' lang='lat' dir='ltr'><strong>opportunitatem</strong></span> 
     </span>
     <span class='ocr_line' id='line_1_33' title="bbox 142 3454 1219 3528; baseline -0.002 -19"><span class='ocrx_word' id='word_1_293' title='bbox 142 3474 288 3527; x_wconf 85' lang='lat' dir='ltr'><strong>quaerere,</strong></span> <span class='ocrx_word' id='word_1_294' title='bbox 318 3474 372 3528; x_wconf 87' lang='lat' dir='ltr'><strong>qua</strong></span> <span class='ocrx_word' id='word_1_295' title='bbox 391 3472 461 3527; x_wconf 89' lang='lat' dir='ltr'><strong>quac</strong></span> <span class='ocrx_word' id='word_1_296' title='bbox 482 3463 555 3506; x_wconf 88' lang='lat' dir='ltr'><strong>certo</strong></span> <span class='ocrx_word' id='word_1_297' title='bbox 572 3456 731 3506; x_wconf 74' lang='lat' dir='ltr'><strong>statuissent</strong></span> <span class='ocrx_word' id='word_1_298' title='bbox 748 3454 820 3506; x_wconf 86' lang='lat' dir='ltr'><strong>facto</strong></span> <span class='ocrx_word' id='word_1_299' title='bbox 839 3463 1025 3523; x_wconf 72' lang='lat' dir='ltr'><strong>praestarent,</strong></span> <span class='ocrx_word' id='word_1_300' title='bbox 1051 3472 1121 3525; x_wconf 86' lang='lat' dir='ltr'><strong>quac</strong></span> <span class='ocrx_word' id='word_1_301' title='bbox 1146 3472 1219 3507; x_wconf 86' lang='lat' dir='ltr'><strong>nunc</strong></span> 
     </span>
     <span class='ocr_line' id='line_1_34' title="bbox 140 3522 1221 3598; baseline -0.004 -18"><span class='ocrx_word' id='word_1_302' title='bbox 140 3528 322 3598; x_wconf 83' lang='lat' dir='ltr'><strong>praeclarare</strong></span> <span class='ocrx_word' id='word_1_303' title='bbox 340 3531 455 3580; x_wconf 81' lang='lat' dir='ltr'><strong>offerret</strong></span> <span class='ocrx_word' id='word_1_304' title='bbox 492 3524 558 3576; x_wconf 88' lang='lat' dir='ltr'><strong>Nam</strong></span> <span class='ocrx_word' id='word_1_305' title='bbox 573 3532 715 3595; x_wconf 85' lang='lat' dir='ltr'><strong>postquam</strong></span> <span class='ocrx_word' id='word_1_306' title='bbox 734 3524 879 3593; x_wconf 86' lang='lat' dir='ltr'><strong>imperator</strong></span> <span class='ocrx_word' id='word_1_307' title='bbox 897 3527 988 3577; x_wconf 89' lang='lat' dir='ltr'><strong>iunior</strong></span> <span class='ocrx_word' id='word_1_308' title='bbox 1006 3526 1035 3576; x_wconf 88' lang='lat' dir='ltr'><strong>iu</strong></span> <span class='ocrx_word' id='word_1_309' title='bbox 1052 3522 1221 3576; x_wconf 87' lang='lat' dir='ltr'><strong>occidentem</strong></span> 
     </span>
     <span class='ocr_line' id='line_1_35' title="bbox 141 3584 1220 3665; baseline -0.003 -16"><span class='ocrx_word' id='word_1_310' title='bbox 141 3600 284 3659; x_wconf 81' lang='lat' dir='ltr'><strong>movisset,</strong></span> <span class='ocrx_word' id='word_1_311' title='bbox 310 3597 461 3665; x_wconf 77' lang='lat' dir='ltr'><strong>praefectos</strong></span> <span class='ocrx_word' id='word_1_312' title='bbox 478 3584 600 3665; x_wconf 63' lang='lat' dir='ltr'><strong>vigilum}</strong></span> <span class='ocrx_word' id='word_1_313' title='bbox 618 3596 657 3646; x_wconf 88' lang='lat' dir='ltr'><strong>ita</strong></span> <span class='ocrx_word' id='word_1_314' title='bbox 679 3595 738 3645; x_wconf 91' lang='lat' dir='ltr'><strong>Deo</strong></span> <span class='ocrx_word' id='word_1_315' title='bbox 759 3610 829 3664; x_wconf 82' lang='lat' dir='ltr'><strong>quae</strong></span> <span class='ocrx_word' id='word_1_316' title='bbox 853 3590 1036 3646; x_wconf 83' lang='lat' dir='ltr'><strong>conducerent</strong></span> <span class='ocrx_word' id='word_1_317' title='bbox 1053 3596 1138 3647; x_wconf 83' lang='lat' dir='ltr'><strong>mutto</strong></span> <span class='ocrx_word' id='word_1_318' title='bbox 1157 3602 1220 3646; x_wconf 83' lang='lat' dir='ltr'><strong>ante</strong></span> 
     </span>
     <span class='ocr_line' id='line_1_36' title="bbox 140 3665 1220 3739; baseline -0.005 -17"><span class='ocrx_word' id='word_1_319' title='bbox 140 3674 338 3739; x_wconf 83' lang='lat' dir='ltr'><strong>praestruente,</strong></span> <span class='ocrx_word' id='word_1_320' title='bbox 363 3682 500 3718; x_wconf 90' lang='lat' dir='ltr'><strong>murorum</strong></span> <span class='ocrx_word' id='word_1_321' title='bbox 520 3682 601 3734; x_wconf 89' lang='lat' dir='ltr'><strong>supra</strong></span> <span class='ocrx_word' id='word_1_322' title='bbox 617 3672 723 3735; x_wconf 89' lang='lat' dir='ltr'><strong>portam</strong></span> <span class='ocrx_word' id='word_1_323' title='bbox 742 3665 829 3716; x_wconf 90' lang='lat' dir='ltr'><strong>sancti</strong></span> <span class='ocrx_word' id='word_1_324' title='bbox 852 3665 966 3717; x_wconf 82' lang='lat' dir='ltr'><strong>Romani</strong></span> <span class='ocrx_word' id='word_1_325' title='bbox 990 3666 1140 3717; x_wconf 78' lang='lat' dir='ltr'><strong>custodiam</strong></span> <span class='ocrx_word' id='word_1_326' title='bbox 1166 3665 1220 3717; x_wconf 90' lang='lat' dir='ltr'><strong>sibi</strong></span> 
     </span>
     <span class='ocr_line' id='line_1_37' title="bbox 140 3734 1217 3808; baseline -0.006 -18"><span class='ocrx_word' id='word_1_327' title='bbox 140 3737 176 3791; x_wconf 87' lang='lat' dir='ltr'><strong>ad</strong></span> <span class='ocrx_word' id='word_1_328' title='bbox 195 3734 311 3808; x_wconf 76' lang='lat' dir='ltr'><strong>agendas</strong></span> <span class='ocrx_word' id='word_1_329' title='bbox 331 3754 390 3789; x_wconf 89' lang='lat' dir='ltr'><strong>cum</strong></span> <span class='ocrx_word' id='word_1_330' title='bbox 405 3736 469 3787; x_wconf 81' lang='lat' dir='ltr'><strong>¹aliis</strong></span> <span class='ocrx_word' id='word_1_331' title='bbox 497 3752 531 3788; x_wconf 81' lang='lat' dir='ltr'><strong>ex</strong></span> <span class='ocrx_word' id='word_1_332' title='bbox 549 3735 717 3787; x_wconf 84' lang='lat' dir='ltr'><strong>successione</strong></span> <span class='ocrx_word' id='word_1_333' title='bbox 735 3750 784 3803; x_wconf 90' lang='lat' dir='ltr'><strong>per</strong></span> <span class='ocrx_word' id='word_1_334' title='bbox 807 3742 915 3786; x_wconf 86' lang='lat' dir='ltr'><strong>noctem</strong></span> <span class='ocrx_word' id='word_1_335' title='bbox 934 3735 1061 3788; x_wconf 81' lang='lat' dir='ltr'><strong>excubias</strong></span> <span class='ocrx_word' id='word_1_336' title='bbox 1080 3750 1217 3785; x_wconf 85' lang='lat' dir='ltr'><strong>commera-</strong></span> 
     </span>
     <span class='ocr_line' id='line_1_38' title="bbox 142 3805 1219 3878; baseline -0.005 -18"><span class='ocrx_word' id='word_1_337' title='bbox 142 3809 226 3860; x_wconf 83' lang='lat' dir='ltr'><strong>dassc.</strong></span> <span class='ocrx_word' id='word_1_338' title='bbox 263 3808 303 3858; x_wconf 83' lang='lat' dir='ltr'><strong>Ex</strong></span> <span class='ocrx_word' id='word_1_339' title='bbox 321 3824 374 3878; x_wconf 91' lang='lat' dir='ltr'><strong>qno</strong></span> <span class='ocrx_word' id='word_1_340' title='bbox 394 3808 486 3858; x_wconf 88' lang='lat' dir='ltr'><strong>statim</strong></span> <span class='ocrx_word' id='word_1_341' title='bbox 501 3807 662 3875; x_wconf 74' lang='lat' dir='ltr'><strong>cogitarim,</strong></span> <span class='ocrx_word' id='word_1_342' title='bbox 681 3821 762 3873; x_wconf 90' lang='lat' dir='ltr'><strong>posse</strong></span> <span class='ocrx_word' id='word_1_343' title='bbox 776 3821 805 3855; x_wconf 89' lang='lat' dir='ltr'><strong>se</strong></span> <span class='ocrx_word' id='word_1_344' title='bbox 822 3805 968 3875; x_wconf 85' lang='lat' dir='ltr'><strong>aliquando</strong></span> <span class='ocrx_word' id='word_1_345' title='bbox 987 3805 1144 3873; x_wconf 86' lang='lat' dir='ltr'><strong>imperatori</strong></span> <span class='ocrx_word' id='word_1_346' title='bbox 1162 3806 1219 3856; x_wconf 90' lang='lat' dir='ltr'><strong>nti-</strong></span> 
     </span>
     <span class='ocr_line' id='line_1_39' title="bbox 142 3874 1217 3945; baseline -0.002 -16"><span class='ocrx_word' id='word_1_347' title='bbox 142 3878 197 3929; x_wconf 85' lang='lat' dir='ltr'><strong>lem</strong></span> <span class='ocrx_word' id='word_1_348' title='bbox 221 3894 319 3929; x_wconf 83' lang='lat' dir='ltr'><strong>narare</strong></span> <span class='ocrx_word' id='word_1_349' title='bbox 345 3893 459 3945; x_wconf 87' lang='lat' dir='ltr'><strong>operam.</strong></span> <span class='ocrx_word' id='word_1_350' title='bbox 504 3876 557 3928; x_wconf 89' lang='lat' dir='ltr'><strong>Ubi</strong></span> <span class='ocrx_word' id='word_1_351' title='bbox 579 3892 644 3927; x_wconf 78' lang='lat' dir='ltr'><strong>vero</strong></span> <span class='ocrx_word' id='word_1_352' title='bbox 671 3874 819 3927; x_wconf 85' lang='lat' dir='ltr'><strong>didicerint</strong></span> <span class='ocrx_word' id='word_1_353' title='bbox 835 3892 898 3925; x_wconf 80' lang='lat' dir='ltr'><strong>mox</strong></span> <span class='ocrx_word' id='word_1_354' title='bbox 915 3875 1036 3942; x_wconf 76' lang='lat' dir='ltr'><strong>byzantii</strong></span> <span class='ocrx_word' id='word_1_355' title='bbox 1056 3877 1217 3927; x_wconf 78' lang='lat' dir='ltr'><strong>affuturum:</strong></span> 
     </span>
     <span class='ocr_line' id='line_1_40' title="bbox 143 3941 1217 4017; baseline -0.005 -17"><span class='ocrx_word' id='word_1_356' title='bbox 143 3955 171 4000; x_wconf 86' lang='lat' dir='ltr'><strong>et</strong></span> <span class='ocrx_word' id='word_1_357' title='bbox 189 3947 259 3998; x_wconf 86' lang='lat' dir='ltr'><strong>iacta</strong></span> <span class='ocrx_word' id='word_1_358' title='bbox 275 3948 351 4010; x_wconf 86' lang='lat' dir='ltr'><strong>alea,</strong></span> <span class='ocrx_word' id='word_1_359' title='bbox 370 3943 443 4017; x_wconf 91' lang='lat' dir='ltr'><strong>quod</strong></span> <span class='ocrx_word' id='word_1_360' title='bbox 460 3946 553 4008; x_wconf 87' lang='lat' dir='ltr'><strong>aiunt,</strong></span> <span class='ocrx_word' id='word_1_361' title='bbox 572 3962 632 3997; x_wconf 89' lang='lat' dir='ltr'><strong>cum</strong></span> <span class='ocrx_word' id='word_1_362' title='bbox 650 3944 730 3997; x_wconf 92' lang='lat' dir='ltr'><strong>sociis</strong></span> <span class='ocrx_word' id='word_1_363' title='bbox 752 3944 787 3997; x_wconf 91' lang='lat' dir='ltr'><strong>de</strong></span> <span class='ocrx_word' id='word_1_364' title='bbox 807 3943 874 3995; x_wconf 90' lang='lat' dir='ltr'><strong>urbe</strong></span> <span class='ocrx_word' id='word_1_365' title='bbox 901 3945 927 3995; x_wconf 90' lang='lat' dir='ltr'><strong>ei</strong></span> <span class='ocrx_word' id='word_1_366' title='bbox 953 3941 1090 4013; x_wconf 86' lang='lat' dir='ltr'><strong>prodenda</strong></span> <span class='ocrx_word' id='word_1_367' title='bbox 1117 3944 1217 4012; x_wconf 76' lang='lat' dir='ltr'><strong>egisse,</strong></span> 
     </span>
     <span class='ocr_line' id='line_1_41' title="bbox 142 4012 1216 4099; baseline -0.003 -29"><span class='ocrx_word' id='word_1_368' title='bbox 142 4027 171 4071; x_wconf 89' lang='lat' dir='ltr'><strong>et</strong></span> <span class='ocrx_word' id='word_1_369' title='bbox 197 4017 267 4069; x_wconf 84' lang='lat' dir='ltr'><strong>visos</strong></span> <span class='ocrx_word' id='word_1_370' title='bbox 290 4028 375 4089; x_wconf 82' lang='lat' dir='ltr'><strong>aequa</strong></span> <span class='ocrx_word' id='word_1_371' title='bbox 398 4017 578 4099; x_wconf 73' lang='lat' dir='ltr'><strong>Romanisque</strong></span> <span class='ocrx_word' id='word_1_372' title='bbox 603 4013 729 4067; x_wconf 89' lang='lat' dir='ltr'><strong>omnibus</strong></span> <span class='ocrx_word' id='word_1_373' title='bbox 753 4012 895 4081; x_wconf 77' lang='lat' dir='ltr'><strong>profutura</strong></span> <span class='ocrx_word' id='word_1_374' title='bbox 921 4015 1012 4083; x_wconf 89' lang='lat' dir='ltr'><strong>loqui,</strong></span> <span class='ocrx_word' id='word_1_375' title='bbox 1039 4016 1216 4082; x_wconf 86' lang='lat' dir='ltr'><strong>persuasisse:</strong></span> 
     </span>
     <span class='ocr_line' id='line_1_42' title="bbox 140 4083 1217 4159; baseline -0.006 -19"><span class='ocrx_word' id='word_1_376' title='bbox 140 4089 252 4159; x_wconf 86' lang='lat' dir='ltr'><strong>iamque</strong></span> <span class='ocrx_word' id='word_1_377' title='bbox 267 4095 419 4158; x_wconf 89' lang='lat' dir='ltr'><strong>promptum</strong></span> <span class='ocrx_word' id='word_1_378' title='bbox 437 4102 509 4148; x_wconf 88' lang='lat' dir='ltr'><strong>csse,</strong></span> <span class='ocrx_word' id='word_1_379' title='bbox 534 4093 724 4154; x_wconf 75' lang='lat' dir='ltr'><strong>imperatorem</strong></span> <span class='ocrx_word' id='word_1_380' title='bbox 744 4085 775 4135; x_wconf 91' lang='lat' dir='ltr'><strong>in</strong></span> <span class='ocrx_word' id='word_1_381' title='bbox 804 4097 909 4134; x_wconf 83' lang='lat' dir='ltr'><strong>mamm</strong></span> <span class='ocrx_word' id='word_1_382' title='bbox 934 4083 1097 4146; x_wconf 86' lang='lat' dir='ltr'><strong>subducere,</strong></span> <span class='ocrx_word' id='word_1_383' title='bbox 1122 4083 1217 4135; x_wconf 82' lang='lat' dir='ltr'><strong>obser-</strong></span> 
     </span>
     <span class='ocr_line' id='line_1_43' title="bbox 140 4151 1216 4229; baseline -0.007 -21"><span class='ocrx_word' id='word_1_384' title='bbox 140 4165 200 4208; x_wconf 84' lang='lat' dir='ltr'><strong>vata</strong></span> <span class='ocrx_word' id='word_1_385' title='bbox 218 4166 312 4219; x_wconf 82' lang='lat' dir='ltr'><strong>nocte,</strong></span> <span class='ocrx_word' id='word_1_386' title='bbox 330 4176 381 4229; x_wconf 87' lang='lat' dir='ltr'><strong>qua</strong></span> <span class='ocrx_word' id='word_1_387' title='bbox 399 4156 518 4225; x_wconf 88' lang='lat' dir='ltr'><strong>ipsorum</strong></span> <span class='ocrx_word' id='word_1_388' title='bbox 537 4155 627 4207; x_wconf 78' lang='lat' dir='ltr'><strong>forent</strong></span> <span class='ocrx_word' id='word_1_389' title='bbox 642 4154 762 4222; x_wconf 78' lang='lat' dir='ltr'><strong>vigiliae.</strong></span> <span class='ocrx_word' id='word_1_390' title='bbox 798 4151 870 4204; x_wconf 83' lang='lat' dir='ltr'><strong>Haec</strong></span> <span class='ocrx_word' id='word_1_391' title='bbox 895 4152 945 4206; x_wconf 88' lang='lat' dir='ltr'><strong>illi.</strong></span> <span class='ocrx_word' id='word_1_392' title='bbox 986 4154 1099 4222; x_wconf 80' lang='lat' dir='ltr'><strong>Magnus</strong></span> <span class='ocrx_word' id='word_1_393' title='bbox 1123 4152 1216 4204; x_wconf 86' lang='lat' dir='ltr'><strong>dome-</strong></span> 
     </span>
     <span class='ocr_line' id='line_1_44' title="bbox 142 4221 1216 4297; baseline -0.005 -19"><span class='ocrx_word' id='word_1_394' title='bbox 142 4228 225 4279; x_wconf 85' lang='lat' dir='ltr'><strong>sticas</strong></span> <span class='ocrx_word' id='word_1_395' title='bbox 249 4228 385 4297; x_wconf 81' lang='lat' dir='ltr'><strong>extempio</strong></span> <span class='ocrx_word' id='word_1_396' title='bbox 409 4224 496 4277; x_wconf 88' lang='lat' dir='ltr'><strong>mittit</strong></span> <span class='ocrx_word' id='word_1_397' title='bbox 520 4226 569 4295; x_wconf 88' lang='lat' dir='ltr'><strong>qui</strong></span> <span class='ocrx_word' id='word_1_398' title='bbox 589 4224 777 4294; x_wconf 86' lang='lat' dir='ltr'><strong>imperatorem</strong></span> <span class='ocrx_word' id='word_1_399' title='bbox 795 4229 913 4287; x_wconf 83' lang='lat' dir='ltr'><strong>moneat,</strong></span> <span class='ocrx_word' id='word_1_400' title='bbox 930 4224 972 4275; x_wconf 88' lang='lat' dir='ltr'><strong>uti</strong></span> <span class='ocrx_word' id='word_1_401' title='bbox 990 4222 1126 4274; x_wconf 80' lang='lat' dir='ltr'><strong>subsistat</strong></span> <span class='ocrx_word' id='word_1_402' title='bbox 1162 4221 1216 4273; x_wconf 81' lang='lat' dir='ltr'><strong>Eos</strong></span> 
     </span>
    </p>
   </div>
   <div class='ocr_carea' id='block_1_5' title="bbox 0 0 1504 4742">
    <p class='ocr_par' dir='ltr' id='par_1_5' title="bbox 0 0 1504 4742">
     <span class='ocr_line' id='line_1_45' title="bbox 0 0 1504 4742; baseline 0 1"><span class='ocrx_word' id='word_1_403' title='bbox 0 0 1504 4742; x_wconf 95' lang='lat' dir='ltr'><strong> </strong></span> 
     </span>
    </p>
   </div>
  </div>
 </body>
</html>
