<?xml version="1.0" encoding="UTF-8"?>
<!DOCTYPE html PUBLIC "-//W3C//DTD XHTML 1.0 Transitional//EN"
    "http://www.w3.org/TR/xhtml1/DTD/xhtml1-transitional.dtd">
<html xmlns="http://www.w3.org/1999/xhtml" xml:lang="en" lang="en">
 <head>
  <title>
</title>
<meta http-equiv="Content-Type" content="text/html;charset=utf-8" />
  <meta name='ocr-system' content='tesseract 3.04.00' />
  <meta name='ocr-capabilities' content='ocr_page ocr_carea ocr_par ocr_line ocrx_word'/>
</head>
<body>
  <div class='ocr_page' id='page_1' title='image "./ioanniscantacuz01joangoog_0198.png"; bbox 0 0 3000 4742; ppageno 0'>
   <div class='ocr_carea' id='block_1_1' title="bbox 267 176 931 293">
    <p class='ocr_par' dir='ltr' id='par_1_1' title="bbox 267 176 931 293">
     <span class='ocr_line' id='line_1_1' title="bbox 267 176 931 293; baseline 0.011 -34"><span class='ocrx_word' id='word_1_1' title='bbox 267 176 344 280; x_wconf 72' lang='grc' dir='ltr'><strong><em>τεία</em></strong></span> <span class='ocrx_word' id='word_1_2' title='bbox 649 198 931 293; x_wconf 58' lang='lat' dir='ltr'><strong><em>eumcum!</em></strong></span> 
     </span>
    </p>
   </div>
   <div class='ocr_carea' id='block_1_2' title="bbox 114 346 1411 2709">
    <p class='ocr_par' dir='ltr' id='par_1_2' title="bbox 114 346 1342 437">
     <span class='ocr_line' id='line_1_2' title="bbox 114 346 1342 437; baseline 0.005 -21"><span class='ocrx_word' id='word_1_3' title='bbox 114 360 176 423; x_wconf 65' lang='lat' dir='ltr'><strong><em>tc</em></strong></span> <span class='ocrx_word' id='word_1_4' title='bbox 188 354 478 420; x_wconf 69' lang='grc' dir='ltr'><strong><em>ιουεδπελθδντων·</em></strong></span> <span class='ocrx_word' id='word_1_5' title='bbox 506 350 536 417; x_wconf 83' lang='lat' dir='ltr'><strong><em>ol</em></strong></span> <span class='ocrx_word' id='word_1_6' title='bbox 548 350 638 433; x_wconf 78' lang='grc' dir='ltr'><strong><em>πεζοί</em></strong></span> <span class='ocrx_word' id='word_1_7' title='bbox 654 353 689 418; x_wconf 79' lang='grc' dir='ltr'><strong><em>δὲ</em></strong></span> <span class='ocrx_word' id='word_1_8' title='bbox 705 350 786 437; x_wconf 75' lang='grc' dir='ltr'><strong><em>πλὴν</em></strong></span> <span class='ocrx_word' id='word_1_9' title='bbox 799 350 909 436; x_wconf 83' lang='grc' dir='ltr'><strong><em>ὀλίγων</em></strong></span> <span class='ocrx_word' id='word_1_10' title='bbox 927 346 1059 432; x_wconf 78' lang='grc' dir='ltr'><strong><em>ἅπαντες</em></strong></span> <span class='ocrx_word' id='word_1_11' title='bbox 1077 355 1194 421; x_wconf 68' lang='grc' dir='ltr'><strong><em>εἴλοντο</em></strong></span> <span class='ocrx_word' id='word_1_12' title='bbox 1214 356 1342 422; x_wconf 68' lang='lat' dir='ltr'>tasso-</span> 
     </span>
    </p>

    <p class='ocr_par' dir='ltr' id='par_1_3' title="bbox 259 442 1359 931">
     <span class='ocr_line' id='line_1_3' title="bbox 259 442 1342 539; baseline 0 -21"><span class='ocrx_word' id='word_1_13' title='bbox 259 477 306 518; x_wconf 82' lang='lat' dir='ltr'><strong><em>ssv</em></strong></span> <span class='ocrx_word' id='word_1_14' title='bbox 323 455 367 539; x_wconf 73' lang='grc' dir='ltr'><strong><em>τῷ</em></strong></span> <span class='ocrx_word' id='word_1_15' title='bbox 382 456 509 533; x_wconf 77' lang='grc' dir='ltr'><strong><em>βασιλεῖ</em></strong></span> <span class='ocrx_word' id='word_1_16' title='bbox 512 497 522 515; x_wconf 90' lang='grc'><strong><em>.</em></strong></span> <span class='ocrx_word' id='word_1_17' title='bbox 551 446 598 527; x_wconf 79' lang='grc' dir='ltr'><strong><em>οἷς</em></strong></span> <span class='ocrx_word' id='word_1_18' title='bbox 614 449 669 515; x_wconf 94' lang='grc' dir='ltr'><em>καί</em></span> <span class='ocrx_word' id='word_1_19' title='bbox 684 448 801 531; x_wconf 85' lang='grc' dir='ltr'><strong><em>μισθὸν</em></strong></span> <span class='ocrx_word' id='word_1_20' title='bbox 819 449 942 534; x_wconf 76' lang='grc' dir='ltr'><strong><em>ἐτήσιον</em></strong></span> <span class='ocrx_word' id='word_1_21' title='bbox 962 453 1075 534; x_wconf 82' lang='grc' dir='ltr'><strong><em>τάξας,</em></strong></span> <span class='ocrx_word' id='word_1_22' title='bbox 1103 455 1256 538; x_wconf 78' lang='grc' dir='ltr'><strong><em>ἐνέγραψε</em></strong></span> <span class='ocrx_word' id='word_1_23' title='bbox 1277 442 1342 533; x_wconf 64' lang='lat' dir='ltr'>soie</span> 
     </span>
     <span class='ocr_line' id='line_1_4' title="bbox 260 545 1339 640; baseline 0.003 -24"><span class='ocrx_word' id='word_1_24' title='bbox 260 554 410 626; x_wconf 79' lang='grc' dir='ltr'><strong><em>οἰκέταις·</em></strong></span> <span class='ocrx_word' id='word_1_25' title='bbox 435 547 507 626; x_wconf 85' lang='grc' dir='ltr'><strong><em>τοῦς</em></strong></span> <span class='ocrx_word' id='word_1_26' title='bbox 524 551 553 613; x_wconf 91' lang='grc' dir='ltr'><strong><em>δ’</em></strong></span> <span class='ocrx_word' id='word_1_27' title='bbox 566 545 761 625; x_wconf 73' lang='grc' dir='ltr'><strong><em>ἀπελθόντας</em></strong></span> <span class='ocrx_word' id='word_1_28' title='bbox 775 549 935 635; x_wconf 78' lang='grc' dir='ltr'><strong><em>ἐφωδίασε</em></strong></span> <span class='ocrx_word' id='word_1_29' title='bbox 953 554 1094 640; x_wconf 71' lang='grc' dir='ltr'><strong><em>χρυσίῳ.</em></strong></span> <span class='ocrx_word' id='word_1_30' title='bbox 1130 551 1211 637; x_wconf 79' lang='grc' dir='ltr'><strong><em>ὁρῶν</em></strong></span> <span class='ocrx_word' id='word_1_31' title='bbox 1230 554 1264 618; x_wconf 84' lang='grc' dir='ltr'><strong><em>δὲ</em></strong></span> <span class='ocrx_word' id='word_1_32' title='bbox 1283 552 1339 619; x_wconf 84' lang='grc' dir='ltr'><strong><em>τόν</em></strong></span> 
     </span>
     <span class='ocr_line' id='line_1_5' title="bbox 260 641 1342 734; baseline 0.003 -20"><span class='ocrx_word' id='word_1_33' title='bbox 260 642 353 723; x_wconf 79' lang='grc' dir='ltr'><strong><em>ῦλλον</em></strong></span> <span class='ocrx_word' id='word_1_34' title='bbox 382 643 491 729; x_wconf 84' lang='grc' dir='ltr'><strong><em>ὐμιλον</em></strong></span> <span class='ocrx_word' id='word_1_35' title='bbox 516 652 578 714; x_wconf 85' lang='grc' dir='ltr'><strong><em>τιῦν</em></strong></span> <span class='ocrx_word' id='word_1_36' title='bbox 601 649 757 733; x_wconf 69' lang='lat' dir='ltr'><strong><em>³Artorius,</em></strong></span> <span class='ocrx_word' id='word_1_37' title='bbox 796 641 913 734; x_wconf 73' lang='grc' dir='ltr'><strong><em>ἄνδρας</em></strong></span> <span class='ocrx_word' id='word_1_38' title='bbox 936 649 1015 731; x_wconf 84' lang='grc' dir='ltr'><strong><em>ὁμοῦ</em></strong></span> <span class='ocrx_word' id='word_1_39' title='bbox 1043 652 1097 714; x_wconf 98' lang='grc' dir='ltr'><em>καί</em></span> <span class='ocrx_word' id='word_1_40' title='bbox 1119 661 1268 732; x_wconf 77' lang='grc' dir='ltr'><strong><em>γυναῖκας</em></strong></span> <span class='ocrx_word' id='word_1_41' title='bbox 1285 651 1342 717; x_wconf 76' lang='grc' dir='ltr'><strong><em>καί</em></strong></span> 
     </span>
     <span class='ocr_line' id='line_1_6' title="bbox 261 742 1359 835; baseline 0.002 -23"><span class='ocrx_word' id='word_1_42' title='bbox 261 749 377 822; x_wconf 77' lang='grc' dir='ltr'><strong><em>παῖδας</em></strong></span> <span class='ocrx_word' id='word_1_43' title='bbox 400 742 537 830; x_wconf 88' lang='grc' dir='ltr'><strong><em>γυμνούς</em></strong></span> <span class='ocrx_word' id='word_1_44' title='bbox 560 750 615 812; x_wconf 95' lang='grc' dir='ltr'><em>καί</em></span> <span class='ocrx_word' id='word_1_45' title='bbox 643 745 782 832; x_wconf 75' lang='grc' dir='ltr'><em>ἀπόρους</em></span> <span class='ocrx_word' id='word_1_46' title='bbox 809 744 983 832; x_wconf 81' lang='grc' dir='ltr'><strong><em>περιϊόντος</em></strong></span> <span class='ocrx_word' id='word_1_47' title='bbox 1010 750 1064 813; x_wconf 84' lang='grc' dir='ltr'><strong><em>καί</em></strong></span> <span class='ocrx_word' id='word_1_48' title='bbox 1086 747 1359 835; x_wconf 72' lang='grc' dir='ltr'><strong><em>ὐλοφυρομὲνουςᾶ</em></strong></span> 
     </span>
     <span class='ocr_line' id='line_1_7' title="bbox 268 834 1343 931; baseline 0.003 -20"><span class='ocrx_word' id='word_1_49' title='bbox 268 844 327 931; x_wconf 72' lang='grc' dir='ltr'><strong><em>τὴν</em></strong></span> <span class='ocrx_word' id='word_1_50' title='bbox 341 841 546 931; x_wconf 72' lang='grc' dir='ltr'><strong><em>ἀποστέρησιν</em></strong></span> <span class='ocrx_word' id='word_1_51' title='bbox 566 848 629 911; x_wconf 78' lang='grc' dir='ltr'><strong><em>νῦν</em></strong></span> <span class='ocrx_word' id='word_1_52' title='bbox 642 834 736 912; x_wconf 83' lang='grc' dir='ltr'><strong><em>ῦντων</em></strong></span> <span class='ocrx_word' id='word_1_53' title='bbox 745 896 756 928; x_wconf 94' lang='grc'><strong><em>,</em></strong></span> <span class='ocrx_word' id='word_1_54' title='bbox 788 845 862 928; x_wconf 81' lang='grc' dir='ltr'><strong><em>τούς</em></strong></span> <span class='ocrx_word' id='word_1_55' title='bbox 876 846 1010 930; x_wconf 77' lang='grc' dir='ltr'><strong><em>λογάδας</em></strong></span> <span class='ocrx_word' id='word_1_56' title='bbox 1026 850 1081 931; x_wconf 75' lang='grc' dir='ltr'><strong><em>τῆς</em></strong></span> <span class='ocrx_word' id='word_1_57' title='bbox 1099 848 1245 931; x_wconf 84' lang='grc' dir='ltr'><strong><em>στρατιάς</em></strong></span> <span class='ocrx_word' id='word_1_58' title='bbox 1264 851 1343 914; x_wconf 89' lang='grc' dir='ltr'><strong><em>πάν-</em></strong></span> 
     </span>
    </p>

    <p class='ocr_par' dir='ltr' id='par_1_4' title="bbox 233 941 1383 2129">
     <span class='ocr_line' id='line_1_8' title="bbox 233 941 1343 1037; baseline 0.004 -29"><span class='ocrx_word' id='word_1_59' title='bbox 233 955 322 1021; x_wconf 57' lang='lat' dir='ltr'>urar</span> <span class='ocrx_word' id='word_1_60' title='bbox 338 942 394 1008; x_wconf 79' lang='grc' dir='ltr'><strong><em>καί</em></strong></span> <span class='ocrx_word' id='word_1_61' title='bbox 414 942 486 1021; x_wconf 87' lang='grc' dir='ltr'><strong><em>τοῦς</em></strong></span> <span class='ocrx_word' id='word_1_62' title='bbox 503 947 536 1009; x_wconf 83' lang='grc' dir='ltr'><strong><em>ἐν</em></strong></span> <span class='ocrx_word' id='word_1_63' title='bbox 555 949 637 1010; x_wconf 81' lang='grc' dir='ltr'><strong><em>τέλει</em></strong></span> <span class='ocrx_word' id='word_1_64' title='bbox 665 941 858 1029; x_wconf 73' lang='grc' dir='ltr'><strong><em>συναγαγών,</em></strong></span> <span class='ocrx_word' id='word_1_65' title='bbox 884 943 1026 1025; x_wconf 67' lang='grc' dir='ltr'><strong><em>,δίκαιόν</em></strong></span> <span class='ocrx_word' id='word_1_66' title='bbox 1041 947 1144 1010; x_wconf 81' lang='grc' dir='ltr'><strong><em>ἐστιν”</em></strong></span> <span class='ocrx_word' id='word_1_67' title='bbox 1165 944 1227 1032; x_wconf 78' lang='grc' dir='ltr'><strong><em>ἔφη</em></strong></span> <span class='ocrx_word' id='word_1_68' title='bbox 1244 955 1343 1037; x_wconf 64' lang='grc' dir='ltr'><strong><em>,πολ-</em></strong></span> 
     </span>
     <span class='ocr_line' id='line_1_9' title="bbox 262 1038 1345 1130; baseline 0.003 -23"><span class='ocrx_word' id='word_1_69' title='bbox 262 1048 327 1119; x_wconf 85' lang='grc' dir='ltr'><strong><em>λοῖς</em></strong></span> <span class='ocrx_word' id='word_1_70' title='bbox 347 1045 402 1107; x_wconf 92' lang='grc' dir='ltr'><em>καί</em></span> <span class='ocrx_word' id='word_1_71' title='bbox 419 1038 563 1127; x_wconf 85' lang='grc' dir='ltr'><strong><em>μεγάλοις</em></strong></span> <span class='ocrx_word' id='word_1_72' title='bbox 583 1044 717 1130; x_wconf 80' lang='grc' dir='ltr'><strong><em>σήμερον</em></strong></span> <span class='ocrx_word' id='word_1_73' title='bbox 737 1039 967 1129; x_wconf 77' lang='grc' dir='ltr'><strong><em>εὐηργετηκάτος</em></strong></span> <span class='ocrx_word' id='word_1_74' title='bbox 991 1043 1077 1127; x_wconf 80' lang='grc' dir='ltr'><strong><em>ἡμᾶς</em></strong></span> <span class='ocrx_word' id='word_1_75' title='bbox 1092 1047 1149 1109; x_wconf 87' lang='grc' dir='ltr'><strong><em>τοῦ</em></strong></span> <span class='ocrx_word' id='word_1_76' title='bbox 1163 1048 1260 1127; x_wconf 88' lang='grc' dir='ltr'><strong><em>θεοῦ,</em></strong></span> <span class='ocrx_word' id='word_1_77' title='bbox 1287 1046 1345 1110; x_wconf 81' lang='grc' dir='ltr'><strong><em>καί</em></strong></span> 
     </span>
     <span class='ocr_line' id='line_1_10' title="bbox 264 1136 1342 1229; baseline 0.003 -23"><span class='ocrx_word' id='word_1_78' title='bbox 264 1136 381 1219; x_wconf 83' lang='grc' dir='ltr'><strong><em>αὐτοῦς</em></strong></span> <span class='ocrx_word' id='word_1_79' title='bbox 398 1136 503 1220; x_wconf 83' lang='grc' dir='ltr'><strong><em>άξίους</em></strong></span> <span class='ocrx_word' id='word_1_80' title='bbox 518 1145 573 1228; x_wconf 78' lang='grc' dir='ltr'><strong><em>τῆς</em></strong></span> <span class='ocrx_word' id='word_1_81' title='bbox 595 1144 773 1226; x_wconf 75' lang='grc' dir='ltr'><strong><em>εὐεργεσίας</em></strong></span> <span class='ocrx_word' id='word_1_82' title='bbox 789 1144 942 1229; x_wconf 81' lang='grc' dir='ltr'><strong><em>φανῆναι.</em></strong></span> <span class='ocrx_word' id='word_1_83' title='bbox 984 1140 1020 1206; x_wconf 85' lang='grc' dir='ltr'><strong><em>τὸ</em></strong></span> <span class='ocrx_word' id='word_1_84' title='bbox 1037 1142 1096 1229; x_wconf 91' lang='grc' dir='ltr'><strong><em>γάρ</em></strong></span> <span class='ocrx_word' id='word_1_85' title='bbox 1114 1144 1194 1229; x_wconf 72' lang='grc' dir='ltr'><strong><em>μήτε</em></strong></span> <span class='ocrx_word' id='word_1_86' title='bbox 1213 1141 1270 1229; x_wconf 70' lang='grc' dir='ltr'><strong><em>τήν</em></strong></span> <span class='ocrx_word' id='word_1_87' title='bbox 1290 1146 1342 1227; x_wconf 77' lang='grc' dir='ltr'><strong><em>ἐγ-</em></strong></span> 
     </span>
     <span class='ocr_line' id='line_1_11' title="bbox 263 1234 1381 1327; baseline 0.004 -23"><span class='ocrx_word' id='word_1_88' title='bbox 263 1244 464 1307; x_wconf 71' lang='grc' dir='ltr'><strong><em>καθεστῶσαν</em></strong></span> <span class='ocrx_word' id='word_1_89' title='bbox 481 1239 596 1326; x_wconf 72' lang='grc' dir='ltr'><strong><em>πολλάυ</em></strong></span> <span class='ocrx_word' id='word_1_90' title='bbox 616 1265 649 1306; x_wconf 89' lang='grc' dir='ltr'><strong><em>τε</em></strong></span> <span class='ocrx_word' id='word_1_91' title='bbox 671 1241 726 1304; x_wconf 81' lang='grc' dir='ltr'><strong><em>καί</em></strong></span> <span class='ocrx_word' id='word_1_92' title='bbox 742 1240 917 1325; x_wconf 76' lang='grc' dir='ltr'><strong><em>ἀξιόμαχον</em></strong></span> <span class='ocrx_word' id='word_1_93' title='bbox 938 1234 1041 1307; x_wconf 88' lang='grc' dir='ltr'><strong><em>οὐσαν</em></strong></span> <span class='ocrx_word' id='word_1_94' title='bbox 1063 1241 1229 1327; x_wconf 87' lang='grc' dir='ltr'><strong><em>στρατιάν,</em></strong></span> <span class='ocrx_word' id='word_1_95' title='bbox 1260 1242 1381 1327; x_wconf 78' lang='grc' dir='ltr'><strong><em>μὴιειο</em></strong></span> 
     </span>
     <span class='ocr_line' id='line_1_12' title="bbox 263 1332 1356 1426; baseline 0.005 -24"><span class='ocrx_word' id='word_1_96' title='bbox 263 1336 321 1421; x_wconf 71' lang='grc' dir='ltr'><strong><em>τὴν</em></strong></span> <span class='ocrx_word' id='word_1_97' title='bbox 339 1336 514 1425; x_wconf 77' lang='grc' dir='ltr'><strong><em>α’σφάλειαν</em></strong></span> <span class='ocrx_word' id='word_1_98' title='bbox 533 1338 589 1403; x_wconf 81' lang='grc' dir='ltr'><strong><em>καί</em></strong></span> <span class='ocrx_word' id='word_1_99' title='bbox 602 1336 637 1402; x_wconf 86' lang='grc' dir='ltr'><strong><em>τὸ</em></strong></span> <span class='ocrx_word' id='word_1_100' title='bbox 651 1333 734 1421; x_wconf 83' lang='grc' dir='ltr'><strong><em>ὐψος</em></strong></span> <span class='ocrx_word' id='word_1_101' title='bbox 752 1342 814 1404; x_wconf 85' lang='grc' dir='ltr'><strong><em>τιῦν</em></strong></span> <span class='ocrx_word' id='word_1_102' title='bbox 829 1343 942 1423; x_wconf 76' lang='grc' dir='ltr'><strong><em>τειχῶν</em></strong></span> <span class='ocrx_word' id='word_1_103' title='bbox 951 1391 961 1422; x_wconf 94' lang='grc'><strong><em>,</em></strong></span> <span class='ocrx_word' id='word_1_104' title='bbox 980 1338 1053 1424; x_wconf 75' lang='grc' dir='ltr'><strong><em>μήτ’</em></strong></span> <span class='ocrx_word' id='word_1_105' title='bbox 1076 1332 1151 1405; x_wconf 84' lang='grc' dir='ltr'><strong><em>άλλο</em></strong></span> <span class='ocrx_word' id='word_1_106' title='bbox 1164 1342 1264 1426; x_wconf 70' lang='grc' dir='ltr'><strong><em>μηδὲν</em></strong></span> <span class='ocrx_word' id='word_1_107' title='bbox 1282 1344 1356 1423; x_wconf 81' lang='grc' dir='ltr'><strong><em>ἐμ-Ι</em></strong></span> 
     </span>
     <span class='ocr_line' id='line_1_13' title="bbox 262 1433 1343 1524; baseline 0.003 -23"><span class='ocrx_word' id='word_1_108' title='bbox 262 1434 373 1502; x_wconf 88' lang='grc' dir='ltr'><strong><em>πόδιον</em></strong></span> <span class='ocrx_word' id='word_1_109' title='bbox 391 1436 468 1522; x_wconf 80' lang='grc' dir='ltr'><strong><em>ἡμῖν</em></strong></span> <span class='ocrx_word' id='word_1_110' title='bbox 485 1440 632 1520; x_wconf 83' lang='grc' dir='ltr'><strong><em>γενέσθαι</em></strong></span> <span class='ocrx_word' id='word_1_111' title='bbox 647 1434 726 1523; x_wconf 80' lang='grc' dir='ltr'><strong><em>πρὸς</em></strong></span> <span class='ocrx_word' id='word_1_112' title='bbox 745 1433 779 1502; x_wconf 86' lang='grc' dir='ltr'><strong>τό</strong></span> <span class='ocrx_word' id='word_1_113' title='bbox 793 1435 839 1524; x_wconf 75' lang='grc' dir='ltr'><strong><em>μὴ</em></strong></span> <span class='ocrx_word' id='word_1_114' title='bbox 855 1436 926 1515; x_wconf 84' lang='grc' dir='ltr'><strong><em>τούς</em></strong></span> <span class='ocrx_word' id='word_1_115' title='bbox 952 1437 1105 1515; x_wconf 82' lang='grc' dir='ltr'><strong><em>αὐθάδεις</em></strong></span> <span class='ocrx_word' id='word_1_116' title='bbox 1125 1441 1272 1504; x_wconf 84' lang='grc' dir='ltr'><strong><em>τουτουσί</em></strong></span> <span class='ocrx_word' id='word_1_117' title='bbox 1295 1465 1343 1504; x_wconf 85' lang='grc' dir='ltr'><strong><em>τι·</em></strong></span> 
     </span>
     <span class='ocr_line' id='line_1_14' title="bbox 261 1524 1343 1633; baseline 0.004 -34"><span class='ocrx_word' id='word_1_118' title='bbox 261 1534 471 1622; x_wconf 72' lang='grc' dir='ltr'><strong><em>μωρὴσασθοιι</em></strong></span> <span class='ocrx_word' id='word_1_119' title='bbox 494 1537 549 1601; x_wconf 92' lang='grc' dir='ltr'><em>καί</em></span> <span class='ocrx_word' id='word_1_120' title='bbox 567 1532 735 1633; x_wconf 68' lang='grc' dir='ltr'><strong><em>ὑβριστάς,</em></strong></span> <span class='ocrx_word' id='word_1_121' title='bbox 767 1524 824 1601; x_wconf 65' lang='lat' dir='ltr'><strong><em>ion</em></strong></span> <span class='ocrx_word' id='word_1_122' title='bbox 849 1528 946 1601; x_wconf 82' lang='grc' dir='ltr'><strong><em>ῦλλου</em></strong></span> <span class='ocrx_word' id='word_1_123' title='bbox 962 1535 1046 1615; x_wconf 83' lang='grc' dir='ltr'><strong><em>τινάς</em></strong></span> <span class='ocrx_word' id='word_1_124' title='bbox 1062 1532 1083 1622; x_wconf 78' lang='grc' dir='ltr'><em>ἢ</em></span> <span class='ocrx_word' id='word_1_125' title='bbox 1098 1541 1154 1622; x_wconf 77' lang='grc' dir='ltr'><strong><em>τῆς</em></strong></span> <span class='ocrx_word' id='word_1_126' title='bbox 1170 1542 1228 1603; x_wconf 88' lang='grc' dir='ltr'><strong><em>τοῦ</em></strong></span> <span class='ocrx_word' id='word_1_127' title='bbox 1242 1539 1343 1624; x_wconf 81' lang='grc' dir='ltr'><strong><em>κρείτ-</em></strong></span> 
     </span>
     <span class='ocr_line' id='line_1_15' title="bbox 263 1626 1343 1719; baseline 0.001 -19"><span class='ocrx_word' id='word_1_128' title='bbox 263 1656 351 1710; x_wconf 86' lang='grc' dir='ltr'><strong><em>τονος</em></strong></span> <span class='ocrx_word' id='word_1_129' title='bbox 372 1633 550 1719; x_wconf 74' lang='grc' dir='ltr'><strong><em>εὐεργεσίας</em></strong></span> <span class='ocrx_word' id='word_1_130' title='bbox 566 1626 605 1698; x_wconf 81' lang='grc' dir='ltr'><strong><em>ῦν</em></strong></span> <span class='ocrx_word' id='word_1_131' title='bbox 621 1658 669 1710; x_wconf 88' lang='grc' dir='ltr'><strong><em>τις</em></strong></span> <span class='ocrx_word' id='word_1_132' title='bbox 687 1634 839 1718; x_wconf 70' lang='grc' dir='ltr'><strong><em>λογίζοιτο</em></strong></span> <span class='ocrx_word' id='word_1_133' title='bbox 856 1635 998 1712; x_wconf 86' lang='grc' dir='ltr'><strong><em>δικαίως·</em></strong></span> <span class='ocrx_word' id='word_1_134' title='bbox 1018 1635 1052 1700; x_wconf 81' lang='grc' dir='ltr'><strong><em>τά</em></strong></span> <span class='ocrx_word' id='word_1_135' title='bbox 1072 1639 1103 1701; x_wconf 86' lang='grc' dir='ltr'><strong><em>δ’</em></strong></span> <span class='ocrx_word' id='word_1_136' title='bbox 1122 1631 1218 1712; x_wconf 88' lang='grc' dir='ltr'><strong><em>αὐθις</em></strong></span> <span class='ocrx_word' id='word_1_137' title='bbox 1235 1638 1269 1701; x_wconf 79' lang='grc' dir='ltr'><strong><em>ἐν</em></strong></span> <span class='ocrx_word' id='word_1_138' title='bbox 1287 1631 1343 1701; x_wconf 83' lang='grc' dir='ltr'><strong><em>οὐ·</em></strong></span> 
     </span>
     <span class='ocr_line' id='line_1_16' title="bbox 263 1732 1383 1822; baseline 0.007 -25"><span class='ocrx_word' id='word_1_139' title='bbox 263 1759 308 1798; x_wconf 87' lang='grc' dir='ltr'><strong><em>τω</em></strong></span> <span class='ocrx_word' id='word_1_140' title='bbox 330 1735 465 1822; x_wconf 72' lang='grc' dir='ltr'><strong><em>καρτερᾷ</em></strong></span> <span class='ocrx_word' id='word_1_141' title='bbox 482 1737 670 1822; x_wconf 73' lang='grc' dir='ltr'><strong><em>τειχομαχία</em></strong></span> <span class='ocrx_word' id='word_1_142' title='bbox 697 1737 752 1800; x_wconf 87' lang='grc' dir='ltr'><strong><em>καί</em></strong></span> <span class='ocrx_word' id='word_1_143' title='bbox 767 1733 880 1799; x_wconf 79' lang='grc' dir='ltr'><strong><em>ἁλώσει</em></strong></span> <span class='ocrx_word' id='word_1_144' title='bbox 901 1733 1016 1811; x_wconf 82' lang='grc' dir='ltr'><strong><em>πόλεως</em></strong></span> <span class='ocrx_word' id='word_1_145' title='bbox 1038 1732 1117 1821; x_wconf 74' lang='grc' dir='ltr'><strong><em>μήτε</em></strong></span> <span class='ocrx_word' id='word_1_146' title='bbox 1134 1735 1222 1821; x_wconf 76' lang='grc' dir='ltr'><strong><em>ἧμιῦν</em></strong></span> <span class='ocrx_word' id='word_1_147' title='bbox 1244 1735 1383 1816; x_wconf 61' lang='lat' dir='ltr'>tertiari</span> 
     </span>
     <span class='ocr_line' id='line_1_17' title="bbox 265 1824 1345 1918; baseline 0.001 -21"><span class='ocrx_word' id='word_1_148' title='bbox 265 1826 340 1918; x_wconf 83' lang='grc' dir='ltr'><strong><em>ὅπερ</em></strong></span> <span class='ocrx_word' id='word_1_149' title='bbox 358 1824 396 1918; x_wconf 77' lang='grc' dir='ltr'><strong><em>ἦν</em></strong></span> <span class='ocrx_word' id='word_1_150' title='bbox 413 1829 505 1913; x_wconf 82' lang='grc' dir='ltr'><strong><em>εἰκὸς,</em></strong></span> <span class='ocrx_word' id='word_1_151' title='bbox 526 1832 708 1914; x_wconf 78' lang='grc' dir='ltr'><strong><em>ἀποθανεῖν,</em></strong></span> <span class='ocrx_word' id='word_1_152' title='bbox 728 1830 808 1918; x_wconf 73' lang='grc' dir='ltr'><strong><em>μήτε</em></strong></span> <span class='ocrx_word' id='word_1_153' title='bbox 823 1836 886 1898; x_wconf 76' lang='grc' dir='ltr'><strong><em>τῶν</em></strong></span> <span class='ocrx_word' id='word_1_154' title='bbox 905 1828 1083 1899; x_wconf 77' lang='grc' dir='ltr'><strong><em>ἑαλωκότων</em></strong></span> <span class='ocrx_word' id='word_1_155' title='bbox 1107 1829 1345 1911; x_wconf 80' lang='grc' dir='ltr'><strong><em>άποκτείναντας</em></strong></span> 
     </span>
     <span class='ocr_line' id='line_1_18' title="bbox 245 1924 1343 2055; baseline -0.001 -58"><span class='ocrx_word' id='word_1_156' title='bbox 245 1924 437 2018; x_wconf 62' lang='grc' dir='ltr'><strong><em>’ῦμοφύλοις</em></strong></span> <span class='ocrx_word' id='word_1_157' title='bbox 454 1931 568 2011; x_wconf 78' lang='grc' dir='ltr'><strong><em>αδμασι</em></strong></span> <span class='ocrx_word' id='word_1_158' title='bbox 583 1933 779 2017; x_wconf 77' lang='grc' dir='ltr'><strong><em>χρανθῆναι,</em></strong></span> <span class='ocrx_word' id='word_1_159' title='bbox 798 1932 852 2016; x_wconf 74' lang='grc' dir='ltr'><strong><em>τῆς</em></strong></span> <span class='ocrx_word' id='word_1_160' title='bbox 869 1934 984 2014; x_wconf 79' lang='grc' dir='ltr'><strong><em>πολλῆς</em></strong></span> <span class='ocrx_word' id='word_1_161' title='bbox 1006 1932 1079 2017; x_wconf 84' lang='grc' dir='ltr'><strong><em>περί</em></strong></span> <span class='ocrx_word' id='word_1_162' title='bbox 1093 1934 1177 2055; x_wconf 69' lang='grc' dir='ltr'><strong><em>ἡμᾶς</em></strong></span> <span class='ocrx_word' id='word_1_163' title='bbox 1196 1932 1343 2019; x_wconf 77' lang='grc' dir='ltr'><strong><em>προνοίας</em></strong></span> 
     </span>
     <span class='ocr_line' id='line_1_19' title="bbox 262 2025 1343 2129; baseline 0.002 -35"><span class='ocrx_word' id='word_1_164' title='bbox 262 2034 319 2097; x_wconf 84' lang='grc' dir='ltr'><em>καί</em></span> <span class='ocrx_word' id='word_1_165' title='bbox 337 2029 522 2114; x_wconf 74' lang='grc' dir='ltr'><strong><em>κηδεμονίας</em></strong></span> <span class='ocrx_word' id='word_1_166' title='bbox 553 2032 610 2094; x_wconf 91' lang='grc' dir='ltr'><strong><em>τοῦ</em></strong></span> <span class='ocrx_word' id='word_1_167' title='bbox 629 2032 722 2129; x_wconf 71' lang='grc' dir='ltr'><strong><em>θεοῦ.</em></strong></span> <span class='ocrx_word' id='word_1_168' title='bbox 747 2025 812 2116; x_wconf 72' lang='grc' dir='ltr'><strong><em>χρὴ</em></strong></span> <span class='ocrx_word' id='word_1_169' title='bbox 834 2034 1002 2115; x_wconf 81' lang='grc' dir='ltr'><strong><em>τοιγαροῦν</em></strong></span> <span class='ocrx_word' id='word_1_170' title='bbox 1024 2031 1079 2096; x_wconf 93' lang='grc' dir='ltr'><em>καί</em></span> <span class='ocrx_word' id='word_1_171' title='bbox 1101 2034 1185 2116; x_wconf 81' lang='grc' dir='ltr'><strong><em>ημᾶς</em></strong></span> <span class='ocrx_word' id='word_1_172' title='bbox 1197 2030 1343 2115; x_wconf 80' lang='grc' dir='ltr'><strong><em>νικήσαι·</em></strong></span> 
     </span>
    </p>

    <p class='ocr_par' dir='ltr' id='par_1_5' title="bbox 187 2128 1343 2219">
     <span class='ocr_line' id='line_1_20' title="bbox 187 2128 1343 2219; baseline -0.004 -21"><span class='ocrx_word' id='word_1_173' title='bbox 187 2139 322 2206; x_wconf 79' lang='grc' dir='ltr'><strong><em>Ρ.89τας</em></strong></span> <span class='ocrx_word' id='word_1_174' title='bbox 341 2130 581 2219; x_wconf 73' lang='grc' dir='ltr'><strong><em>ἐπικαμφθῆναι</em></strong></span> <span class='ocrx_word' id='word_1_175' title='bbox 606 2139 677 2204; x_wconf 79' lang='grc' dir='ltr'><strong><em>ταῖς</em></strong></span> <span class='ocrx_word' id='word_1_176' title='bbox 690 2138 870 2215; x_wconf 84' lang='grc' dir='ltr'><strong><em>συμφοραῖς</em></strong></span> <span class='ocrx_word' id='word_1_177' title='bbox 883 2132 945 2194; x_wconf 83' lang='grc' dir='ltr'><strong><em>τῦν</em></strong></span> <span class='ocrx_word' id='word_1_178' title='bbox 978 2128 1200 2215; x_wconf 73' lang='grc' dir='ltr'><strong><em>εὐτυχησάντων</em></strong></span> <span class='ocrx_word' id='word_1_179' title='bbox 1207 2182 1218 2212; x_wconf 95' lang='grc'><strong><em>,</em></strong></span> <span class='ocrx_word' id='word_1_180' title='bbox 1250 2128 1343 2215; x_wconf 74' lang='grc' dir='ltr'><strong><em>(πρὸς</em></strong></span> 
     </span>
    </p>

    <p class='ocr_par' dir='ltr' id='par_1_6' title="bbox 265 2219 1411 2610">
     <span class='ocr_line' id='line_1_21' title="bbox 265 2219 1386 2314; baseline -0.001 -20"><span class='ocrx_word' id='word_1_181' title='bbox 265 2232 326 2313; x_wconf 74' lang='grc' dir='ltr'><strong><em>μὲν</em></strong></span> <span class='ocrx_word' id='word_1_182' title='bbox 349 2224 409 2314; x_wconf 89' lang='grc' dir='ltr'><strong><em>γάρ</em></strong></span> <span class='ocrx_word' id='word_1_183' title='bbox 431 2226 502 2303; x_wconf 86' lang='grc' dir='ltr'><strong><em>τούς</em></strong></span> <span class='ocrx_word' id='word_1_184' title='bbox 526 2226 709 2313; x_wconf 82' lang='grc' dir='ltr'><strong><em>βαρβάρους</em></strong></span> <span class='ocrx_word' id='word_1_185' title='bbox 730 2219 808 2314; x_wconf 80' lang='grc' dir='ltr'><strong><em>άχρι</em></strong></span> <span class='ocrx_word' id='word_1_186' title='bbox 827 2224 943 2305; x_wconf 77' lang='grc' dir='ltr'><strong><em>παντὸς</em></strong></span> <span class='ocrx_word' id='word_1_187' title='bbox 955 2234 1100 2311; x_wconf 83' lang='grc' dir='ltr'><strong><em>πολεμεῖν</em></strong></span> <span class='ocrx_word' id='word_1_188' title='bbox 1129 2232 1185 2293; x_wconf 84' lang='grc' dir='ltr'><strong><em>δεῖ·</em></strong></span> <span class='ocrx_word' id='word_1_189' title='bbox 1205 2225 1282 2313; x_wconf 79' lang='grc' dir='ltr'><strong><em>πρὸς</em></strong></span> <span class='ocrx_word' id='word_1_190' title='bbox 1304 2231 1386 2293; x_wconf 59' lang='grc' dir='ltr'><strong><em>δὲοο</em></strong></span> 
     </span>
     <span class='ocr_line' id='line_1_22' title="bbox 265 2317 1411 2415; baseline -0.003 -22"><span class='ocrx_word' id='word_1_191' title='bbox 265 2325 339 2403; x_wconf 88' lang='grc' dir='ltr'><strong><em>τούς</em></strong></span> <span class='ocrx_word' id='word_1_192' title='bbox 351 2322 533 2415; x_wconf 81' lang='grc' dir='ltr'><strong><em>ὄμοφύλους</em></strong></span> <span class='ocrx_word' id='word_1_193' title='bbox 547 2317 623 2411; x_wconf 82' lang='grc' dir='ltr'><strong><em>άχρι</em></strong></span> <span class='ocrx_word' id='word_1_194' title='bbox 640 2329 699 2389; x_wconf 87' lang='grc' dir='ltr'><strong><em>τοῦ</em></strong></span> <span class='ocrx_word' id='word_1_195' title='bbox 714 2324 917 2414; x_wconf 81' lang='grc' dir='ltr'><strong><em>κρεάτονος,)</em></strong></span> <span class='ocrx_word' id='word_1_196' title='bbox 938 2328 992 2391; x_wconf 83' lang='grc' dir='ltr'><strong><em>καί</em></strong></span> <span class='ocrx_word' id='word_1_197' title='bbox 1006 2329 1194 2408; x_wconf 83' lang='grc' dir='ltr'><strong><em>μεταδοῦναι</em></strong></span> <span class='ocrx_word' id='word_1_198' title='bbox 1214 2329 1342 2392; x_wconf 77' lang='grc' dir='ltr'><strong><em>ἕκαστον</em></strong></span> <span class='ocrx_word' id='word_1_199' title='bbox 1408 2354 1411 2363; x_wconf 60' lang='lat'><em>⁴</em></span> 
     </span>
     <span class='ocr_line' id='line_1_23' title="bbox 267 2416 1342 2511; baseline -0.002 -21"><span class='ocrx_word' id='word_1_200' title='bbox 267 2426 302 2490; x_wconf 72' lang='grc' dir='ltr'><strong><em>ἐκ</em></strong></span> <span class='ocrx_word' id='word_1_201' title='bbox 320 2427 383 2493; x_wconf 73' lang='lat' dir='ltr'>aeis</span> <span class='ocrx_word' id='word_1_202' title='bbox 398 2425 549 2511; x_wconf 75' lang='grc' dir='ltr'><strong><em>λαφύρων</em></strong></span> <span class='ocrx_word' id='word_1_203' title='bbox 564 2428 638 2488; x_wconf 88' lang='grc' dir='ltr'><strong><em>καθ’</em></strong></span> <span class='ocrx_word' id='word_1_204' title='bbox 664 2417 735 2488; x_wconf 81' lang='grc' dir='ltr'><strong><em>ὅσον</em></strong></span> <span class='ocrx_word' id='word_1_205' title='bbox 754 2416 795 2488; x_wconf 73' lang='lat' dir='ltr'>riu</span> <span class='ocrx_word' id='word_1_206' title='bbox 806 2420 926 2509; x_wconf 79' lang='grc' dir='ltr'><strong><em>αἱροῑτο</em></strong></span> <span class='ocrx_word' id='word_1_207' title='bbox 940 2433 1006 2500; x_wconf 84' lang='grc' dir='ltr'><strong><em>τοῖς</em></strong></span> <span class='ocrx_word' id='word_1_208' title='bbox 1026 2425 1248 2507; x_wconf 75' lang='grc' dir='ltr'><strong><em>αἰχμαλώτοις</em></strong></span> <span class='ocrx_word' id='word_1_209' title='bbox 1270 2426 1342 2510; x_wconf 87' lang='grc' dir='ltr'><strong><em>τρίοι</em></strong></span> 
     </span>
     <span class='ocr_line' id='line_1_24' title="bbox 266 2519 1345 2610; baseline -0.001 -22"><span class='ocrx_word' id='word_1_210' title='bbox 266 2519 325 2609; x_wconf 83' lang='grc' dir='ltr'><strong><em>γάρ</em></strong></span> <span class='ocrx_word' id='word_1_211' title='bbox 350 2521 390 2588; x_wconf 83' lang='grc' dir='ltr'><strong><em>τά</em></strong></span> <span class='ocrx_word' id='word_1_212' title='bbox 413 2526 543 2606; x_wconf 80' lang='grc' dir='ltr'><strong><em>μέγιστα</em></strong></span> <span class='ocrx_word' id='word_1_213' title='bbox 557 2525 751 2609; x_wconf 85' lang='grc' dir='ltr'><strong><em>κερδανεῖτε·</em></strong></span> <span class='ocrx_word' id='word_1_214' title='bbox 778 2519 854 2586; x_wconf 82' lang='grc' dir='ltr'><strong><em>θεόν</em></strong></span> <span class='ocrx_word' id='word_1_215' title='bbox 874 2545 908 2586; x_wconf 83' lang='grc' dir='ltr'><strong><em>τε</em></strong></span> <span class='ocrx_word' id='word_1_216' title='bbox 930 2523 1021 2588; x_wconf 76' lang='grc' dir='ltr'><strong><em>ἵλεων</em></strong></span> <span class='ocrx_word' id='word_1_217' title='bbox 1036 2519 1158 2599; x_wconf 73' lang='grc' dir='ltr'><strong><em>ἑαυτοῖς</em></strong></span> <span class='ocrx_word' id='word_1_218' title='bbox 1179 2538 1345 2610; x_wconf 87' lang='grc' dir='ltr'><strong><em>προπαρα-</em></strong></span> 
     </span>
    </p>

    <p class='ocr_par' dir='ltr' id='par_1_7' title="bbox 229 2614 1345 2709">
     <span class='ocr_line' id='line_1_25' title="bbox 229 2614 1345 2709; baseline -0.004 -19"><span class='ocrx_word' id='word_1_219' title='bbox 229 2700 236 2709; x_wconf 39' lang='grc'><strong><em>,</em></strong></span> <span class='ocrx_word' id='word_1_220' title='bbox 267 2621 508 2706; x_wconf 87' lang='grc' dir='ltr'><strong><em>οκευασάμενοι,</em></strong></span> <span class='ocrx_word' id='word_1_221' title='bbox 535 2619 589 2688; x_wconf 81' lang='grc' dir='ltr'><strong><em>τὸν</em></strong></span> <span class='ocrx_word' id='word_1_222' title='bbox 604 2622 649 2697; x_wconf 86' lang='grc' dir='ltr'><strong><em>είς</em></strong></span> <span class='ocrx_word' id='word_1_223' title='bbox 666 2618 740 2699; x_wconf 87' lang='grc' dir='ltr'><strong><em>τούς</em></strong></span> <span class='ocrx_word' id='word_1_224' title='bbox 759 2614 952 2706; x_wconf 84' lang='grc' dir='ltr'><strong><em>άτρχοῦντας</em></strong></span> <span class='ocrx_word' id='word_1_225' title='bbox 968 2618 1055 2686; x_wconf 74' lang='grc' dir='ltr'><strong><em>ε’λεον</em></strong></span> <span class='ocrx_word' id='word_1_226' title='bbox 1071 2621 1277 2704; x_wconf 79' lang='grc' dir='ltr'><strong><em>οἰκειούμενον</em></strong></span> <span class='ocrx_word' id='word_1_227' title='bbox 1289 2620 1345 2686; x_wconf 79' lang='grc' dir='ltr'><strong><em>καί</em></strong></span> 
     </span>
    </p>
   </div>
   <div class='ocr_carea' id='block_1_3' title="bbox 240 2768 1400 4192">
    <p class='ocr_par' dir='ltr' id='par_1_8' title="bbox 267 2768 1341 2864">
     <span class='ocr_line' id='line_1_26' title="bbox 267 2768 1341 2864; baseline -0.006 -16"><span class='ocrx_word' id='word_1_228' title='bbox 267 2801 341 2849; x_wconf 86' lang='lat' dir='ltr'>ereto</span> <span class='ocrx_word' id='word_1_229' title='bbox 368 2791 523 2864; x_wconf 87' lang='lat' dir='ltr'>stipendio,</span> <span class='ocrx_word' id='word_1_230' title='bbox 549 2791 578 2843; x_wconf 90' lang='lat' dir='ltr'><strong><em>in</em></strong></span> <span class='ocrx_word' id='word_1_231' title='bbox 604 2768 697 2843; x_wconf 61' lang='lat' dir='ltr'>‘album</span> <span class='ocrx_word' id='word_1_232' title='bbox 719 2776 831 2842; x_wconf 83' lang='lat' dir='ltr'>suornm</span> <span class='ocrx_word' id='word_1_233' title='bbox 857 2789 969 2854; x_wconf 84' lang='lat' dir='ltr'>retulit,</span> <span class='ocrx_word' id='word_1_234' title='bbox 995 2796 1024 2843; x_wconf 90' lang='lat' dir='ltr'>et</span> <span class='ocrx_word' id='word_1_235' title='bbox 1051 2789 1253 2844; x_wconf 69' lang='lat' dir='ltr'>discedentibus</span> <span class='ocrx_word' id='word_1_236' title='bbox 1279 2789 1341 2842; x_wconf 87' lang='lat' dir='ltr'>aliis</span> 
     </span>
    </p>

    <p class='ocr_par' dir='ltr' id='par_1_9' title="bbox 240 2860 1400 4192">
     <span class='ocr_line' id='line_1_27' title="bbox 240 2860 1341 2930; baseline -0.005 -13"><span class='ocrx_word' id='word_1_237' title='bbox 240 2860 247 2871; x_wconf 82' lang='grc'>’</span> <span class='ocrx_word' id='word_1_238' title='bbox 267 2881 362 2917; x_wconf 87' lang='lat' dir='ltr'>aurum</span> <span class='ocrx_word' id='word_1_239' title='bbox 380 2864 410 2916; x_wconf 86' lang='lat' dir='ltr'><strong><em>in</em></strong></span> <span class='ocrx_word' id='word_1_240' title='bbox 429 2865 556 2915; x_wconf 88' lang='lat' dir='ltr'>viaticum</span> <span class='ocrx_word' id='word_1_241' title='bbox 574 2862 698 2914; x_wconf 80' lang='lat' dir='ltr'>eontulit.</span> <span class='ocrx_word' id='word_1_242' title='bbox 735 2860 803 2912; x_wconf 89' lang='lat' dir='ltr'><strong><em>Cum</em></strong></span> <span class='ocrx_word' id='word_1_243' title='bbox 822 2868 912 2911; x_wconf 86' lang='lat' dir='ltr'>antem</span> <span class='ocrx_word' id='word_1_244' title='bbox 932 2860 1101 2929; x_wconf 75' lang='lat' dir='ltr'>conspiceret</span> <span class='ocrx_word' id='word_1_245' title='bbox 1123 2863 1267 2930; x_wconf 80' lang='lat' dir='ltr'>Apriorum</span> <span class='ocrx_word' id='word_1_246' title='bbox 1282 2869 1341 2912; x_wconf 84' lang='lat' dir='ltr'>tur-</span> 
     </span>
     <span class='ocr_line' id='line_1_28' title="bbox 265 2930 1341 3000; baseline -0.007 -13"><span class='ocrx_word' id='word_1_247' title='bbox 265 2934 329 2988; x_wconf 86' lang='lat' dir='ltr'>bam</span> <span class='ocrx_word' id='word_1_248' title='bbox 345 2935 417 2986; x_wconf 80' lang='lat' dir='ltr'>viros</span> <span class='ocrx_word' id='word_1_249' title='bbox 428 2933 509 2986; x_wconf 87' lang='lat' dir='ltr'>simul</span> <span class='ocrx_word' id='word_1_250' title='bbox 525 2950 556 2984; x_wconf 88' lang='lat' dir='ltr'>ac</span> <span class='ocrx_word' id='word_1_251' title='bbox 573 2932 709 2993; x_wconf 86' lang='lat' dir='ltr'>mulieres,</span> <span class='ocrx_word' id='word_1_252' title='bbox 728 2931 794 2983; x_wconf 90' lang='lat' dir='ltr'>item</span> <span class='ocrx_word' id='word_1_253' title='bbox 811 2932 909 2997; x_wconf 86' lang='lat' dir='ltr'>p&#39;ueros</span> <span class='ocrx_word' id='word_1_254' title='bbox 927 2946 1014 2998; x_wconf 86' lang='lat' dir='ltr'>paene</span> <span class='ocrx_word' id='word_1_255' title='bbox 1031 2930 1127 2992; x_wconf 77' lang='lat' dir='ltr'>nudos,</span> <span class='ocrx_word' id='word_1_256' title='bbox 1148 2934 1341 3000; x_wconf 79' lang='lat' dir='ltr'>omniumege·</span> 
     </span>
     <span class='ocr_line' id='line_1_29' title="bbox 265 2997 1340 3072; baseline -0.005 -15"><span class='ocrx_word' id='word_1_257' title='bbox 265 3023 316 3057; x_wconf 89' lang='lat' dir='ltr'><strong><em>nos</em></strong></span> <span class='ocrx_word' id='word_1_258' title='bbox 335 3003 516 3066; x_wconf 85' lang='lat' dir='ltr'>ambulantes,</span> <span class='ocrx_word' id='word_1_259' title='bbox 535 3019 618 3072; x_wconf 84' lang='lat' dir='ltr'>seque</span> <span class='ocrx_word' id='word_1_260' title='bbox 637 3001 716 3053; x_wconf 90' lang='lat' dir='ltr'>bonis</span> <span class='ocrx_word' id='word_1_261' title='bbox 736 3001 793 3051; x_wconf 87' lang='lat' dir='ltr'>suis</span> <span class='ocrx_word' id='word_1_262' title='bbox 811 2997 976 3068; x_wconf 74' lang='lat' dir='ltr'><strong>despoliatos</strong></span> <span class='ocrx_word' id='word_1_263' title='bbox 1001 3002 1197 3064; x_wconf 73' lang='lat' dir='ltr'><strong>lamentantes,</strong></span> <span class='ocrx_word' id='word_1_264' title='bbox 1224 3000 1340 3052; x_wconf 83' lang='lat' dir='ltr'>ducibus</span> 
     </span>
     <span class='ocr_line' id='line_1_30' title="bbox 267 3069 1343 3139; baseline -0.007 -11"><span class='ocrx_word' id='word_1_265' title='bbox 267 3084 297 3128; x_wconf 87' lang='lat' dir='ltr'>et</span> <span class='ocrx_word' id='word_1_266' title='bbox 312 3074 453 3128; x_wconf 87' lang='lat' dir='ltr'>nobilibus</span> <span class='ocrx_word' id='word_1_267' title='bbox 475 3073 626 3135; x_wconf 80' lang='lat' dir='ltr'>advocatis:</span> <span class='ocrx_word' id='word_1_268' title='bbox 653 3073 755 3122; x_wconf 90' lang='lat' dir='ltr'>lustum</span> <span class='ocrx_word' id='word_1_269' title='bbox 774 3076 832 3129; x_wconf 82' lang='lat' dir='ltr'>est,</span> <span class='ocrx_word' id='word_1_270' title='bbox 858 3070 966 3139; x_wconf 88' lang='lat' dir='ltr'>inquit,</span> <span class='ocrx_word' id='word_1_271' title='bbox 991 3088 1051 3121; x_wconf 83' lang='lat' dir='ltr'>cunr</span> <span class='ocrx_word' id='word_1_272' title='bbox 1077 3069 1210 3123; x_wconf 80' lang='lat' dir='ltr'>hodierno</span> <span class='ocrx_word' id='word_1_273' title='bbox 1229 3070 1273 3123; x_wconf 87' lang='lat' dir='ltr'><strong><em>die</em></strong></span> <span class='ocrx_word' id='word_1_274' title='bbox 1298 3077 1343 3121; x_wconf 92' lang='lat' dir='ltr'><strong><em>tot</em></strong></span> 
     </span>
     <span class='ocr_line' id='line_1_31' title="bbox 267 3140 1341 3212; baseline -0.007 -14"><span class='ocrx_word' id='word_1_275' title='bbox 267 3153 297 3198; x_wconf 85' lang='lat' dir='ltr'>et</span> <span class='ocrx_word' id='word_1_276' title='bbox 318 3152 373 3196; x_wconf 85' lang='lat' dir='ltr'><strong><em>tam</em></strong></span> <span class='ocrx_word' id='word_1_277' title='bbox 401 3142 553 3212; x_wconf 72' lang='lat' dir='ltr'>insignibus</span> <span class='ocrx_word' id='word_1_278' title='bbox 577 3159 592 3194; x_wconf 82' lang='lat' dir='ltr'>a</span> <span class='ocrx_word' id='word_1_279' title='bbox 616 3142 674 3195; x_wconf 87' lang='lat' dir='ltr'><strong><em>Deo</em></strong></span> <span class='ocrx_word' id='word_1_280' title='bbox 698 3140 839 3193; x_wconf 86' lang='lat' dir='ltr'>beneficiis</span> <span class='ocrx_word' id='word_1_281' title='bbox 863 3140 951 3191; x_wconf 85' lang='lat' dir='ltr'>ornati</span> <span class='ocrx_word' id='word_1_282' title='bbox 974 3140 1072 3201; x_wconf 87' lang='lat' dir='ltr'>simus,</span> <span class='ocrx_word' id='word_1_283' title='bbox 1100 3150 1131 3192; x_wconf 90' lang='lat' dir='ltr'>nt</span> <span class='ocrx_word' id='word_1_284' title='bbox 1145 3141 1245 3193; x_wconf 83' lang='lat' dir='ltr'>iisdem</span> <span class='ocrx_word' id='word_1_285' title='bbox 1264 3140 1341 3209; x_wconf 77' lang='lat' dir='ltr'>digni</span> 
     </span>
     <span class='ocr_line' id='line_1_32' title="bbox 266 3211 1400 3282; baseline -0.005 -15"><span class='ocrx_word' id='word_1_286' title='bbox 266 3214 415 3267; x_wconf 73' lang='lat' dir='ltr'>videamur.</span> <span class='ocrx_word' id='word_1_287' title='bbox 450 3215 559 3265; x_wconf 80' lang='lat' dir='ltr'>Etenim</span> <span class='ocrx_word' id='word_1_288' title='bbox 583 3212 656 3282; x_wconf 88' lang='lat' dir='ltr'>quod</span> <span class='ocrx_word' id='word_1_289' title='bbox 675 3227 766 3280; x_wconf 90' lang='lat' dir='ltr'>neque</span> <span class='ocrx_word' id='word_1_290' title='bbox 785 3219 838 3262; x_wconf 81' lang='lat' dir='ltr'><strong><em>tam</em></strong></span> <span class='ocrx_word' id='word_1_291' title='bbox 861 3227 955 3279; x_wconf 81' lang='lat' dir='ltr'>magna</span> <span class='ocrx_word' id='word_1_292' title='bbox 987 3220 1016 3262; x_wconf 89' lang='lat' dir='ltr'>et</span> <span class='ocrx_word' id='word_1_293' title='bbox 1035 3219 1127 3262; x_wconf 90' lang='lat' dir='ltr'>nostro</span> <span class='ocrx_word' id='word_1_294' title='bbox 1146 3211 1228 3262; x_wconf 85' lang='lat' dir='ltr'>Marti</span> <span class='ocrx_word' id='word_1_295' title='bbox 1246 3211 1342 3262; x_wconf 86' lang='lat' dir='ltr'>confe-</span> <span class='ocrx_word' id='word_1_296' title='bbox 1396 3252 1400 3261; x_wconf 85' lang='lat'>.</span> 
     </span>
     <span class='ocr_line' id='line_1_33' title="bbox 268 3278 1340 3352; baseline -0.006 -16"><span class='ocrx_word' id='word_1_297' title='bbox 268 3284 351 3336; x_wconf 85' lang='lat' dir='ltr'>reuda</span> <span class='ocrx_word' id='word_1_298' title='bbox 370 3299 464 3333; x_wconf 87' lang='lat' dir='ltr'>manus</span> <span class='ocrx_word' id='word_1_299' title='bbox 482 3284 572 3344; x_wconf 83' lang='lat' dir='ltr'>intus,</span> <span class='ocrx_word' id='word_1_300' title='bbox 600 3297 690 3352; x_wconf 85' lang='lat' dir='ltr'>neque</span> <span class='ocrx_word' id='word_1_301' title='bbox 707 3289 763 3332; x_wconf 86' lang='lat' dir='ltr'><strong><em>tam</em></strong></span> <span class='ocrx_word' id='word_1_302' title='bbox 789 3280 844 3331; x_wconf 88' lang='lat' dir='ltr'>alta</span> <span class='ocrx_word' id='word_1_303' title='bbox 870 3297 901 3331; x_wconf 83' lang='lat' dir='ltr'><strong><em>aa</em></strong></span> <span class='ocrx_word' id='word_1_304' title='bbox 922 3287 980 3331; x_wconf 88' lang='lat' dir='ltr'>tuta</span> <span class='ocrx_word' id='word_1_305' title='bbox 998 3283 1120 3342; x_wconf 87' lang='lat' dir='ltr'>moenia,</span> <span class='ocrx_word' id='word_1_306' title='bbox 1146 3297 1235 3351; x_wconf 89' lang='lat' dir='ltr'>neque</span> <span class='ocrx_word' id='word_1_307' title='bbox 1263 3278 1340 3331; x_wconf 84' lang='lat' dir='ltr'>aliud</span> 
     </span>
     <span class='ocr_line' id='line_1_34' title="bbox 269 3350 1344 3425; baseline -0.005 -21"><span class='ocrx_word' id='word_1_308' title='bbox 269 3351 419 3425; x_wconf 76' lang='lat' dir='ltr'>quidquam</span> <span class='ocrx_word' id='word_1_309' title='bbox 439 3352 633 3421; x_wconf 86' lang='lat' dir='ltr'>impedimento</span> <span class='ocrx_word' id='word_1_310' title='bbox 654 3350 733 3401; x_wconf 88' lang='lat' dir='ltr'>nobis</span> <span class='ocrx_word' id='word_1_311' title='bbox 753 3351 823 3409; x_wconf 82' lang='lat' dir='ltr'>fuit,</span> <span class='ocrx_word' id='word_1_312' title='bbox 847 3367 902 3418; x_wconf 89' lang='lat' dir='ltr'><strong><em>quo</em></strong></span> <span class='ocrx_word' id='word_1_313' title='bbox 929 3352 1018 3402; x_wconf 87' lang='lat' dir='ltr'>minus</span> <span class='ocrx_word' id='word_1_314' title='bbox 1044 3360 1197 3419; x_wconf 77' lang='lat' dir='ltr'>arrogantes</span> <span class='ocrx_word' id='word_1_315' title='bbox 1222 3353 1288 3402; x_wconf 83' lang='lat' dir='ltr'>istos</span> <span class='ocrx_word' id='word_1_316' title='bbox 1313 3355 1344 3400; x_wconf 90' lang='lat' dir='ltr'>et</span> 
     </span>
     <span class='ocr_line' id='line_1_35' title="bbox 268 3417 1342 3492; baseline -0.005 -17"><span class='ocrx_word' id='word_1_317' title='bbox 268 3430 408 3492; x_wconf 79' lang='lat' dir='ltr'>protervos</span> <span class='ocrx_word' id='word_1_318' title='bbox 426 3423 633 3483; x_wconf 76' lang='lat' dir='ltr'>ulcisceremur,</span> <span class='ocrx_word' id='word_1_319' title='bbox 662 3420 765 3472; x_wconf 89' lang='lat' dir='ltr'>nullius</span> <span class='ocrx_word' id='word_1_320' title='bbox 786 3419 839 3470; x_wconf 86' lang='lat' dir='ltr'>nisi</span> <span class='ocrx_word' id='word_1_321' title='bbox 863 3417 948 3472; x_wconf 82' lang='lat' dir='ltr'>divini</span> <span class='ocrx_word' id='word_1_322' title='bbox 967 3422 1087 3472; x_wconf 86' lang='lat' dir='ltr'>numinis</span> <span class='ocrx_word' id='word_1_323' title='bbox 1104 3421 1264 3473; x_wconf 77' lang='lat' dir='ltr'>liberalitati</span> <span class='ocrx_word' id='word_1_324' title='bbox 1282 3422 1342 3471; x_wconf 85' lang='lat' dir='ltr'>iure</span> 
     </span>
     <span class='ocr_line' id='line_1_36' title="bbox 268 3489 1343 3558; baseline -0.005 -13"><span class='ocrx_word' id='word_1_325' title='bbox 268 3490 445 3546; x_wconf 78' lang='lat' dir='ltr'>tribuentium</span> <span class='ocrx_word' id='word_1_326' title='bbox 462 3500 510 3544; x_wconf 84' lang='lat' dir='ltr'>est.</span> <span class='ocrx_word' id='word_1_327' title='bbox 537 3492 637 3544; x_wconf 84' lang='lat' dir='ltr'>Rursus</span> <span class='ocrx_word' id='word_1_328' title='bbox 657 3490 685 3541; x_wconf 95' lang='lat' dir='ltr'><strong><em>in</em></strong></span> <span class='ocrx_word' id='word_1_329' title='bbox 703 3497 758 3540; x_wconf 84' lang='lat' dir='ltr'><strong><em>tam</em></strong></span> <span class='ocrx_word' id='word_1_330' title='bbox 776 3489 875 3539; x_wconf 81' lang='lat' dir='ltr'>infesta</span> <span class='ocrx_word' id='word_1_331' title='bbox 900 3492 1101 3558; x_wconf 85' lang='lat' dir='ltr'>oppugnatione</span> <span class='ocrx_word' id='word_1_332' title='bbox 1121 3500 1150 3544; x_wconf 91' lang='lat' dir='ltr'>et</span> <span class='ocrx_word' id='word_1_333' title='bbox 1168 3491 1243 3542; x_wconf 88' lang='lat' dir='ltr'>urbis</span> <span class='ocrx_word' id='word_1_334' title='bbox 1261 3507 1343 3542; x_wconf 89' lang='lat' dir='ltr'>oceu-</span> 
     </span>
     <span class='ocr_line' id='line_1_37' title="bbox 267 3558 1390 3634; baseline -0.004 -19"><span class='ocrx_word' id='word_1_335' title='bbox 267 3564 380 3634; x_wconf 86' lang='lat' dir='ltr'>patione</span> <span class='ocrx_word' id='word_1_336' title='bbox 397 3569 518 3614; x_wconf 86' lang='lat' dir='ltr'>nostrum</span> <span class='ocrx_word' id='word_1_337' title='bbox 537 3577 626 3631; x_wconf 86' lang='lat' dir='ltr'>neque</span> <span class='ocrx_word' id='word_1_338' title='bbox 645 3576 822 3630; x_wconf 87' lang='lat' dir='ltr'>quemquam,</span> <span class='ocrx_word' id='word_1_339' title='bbox 845 3566 877 3610; x_wconf 89' lang='lat' dir='ltr'>ut</span> <span class='ocrx_word' id='word_1_340' title='bbox 893 3569 1100 3612; x_wconf 85' lang='lat' dir='ltr'>consentaneum</span> <span class='ocrx_word' id='word_1_341' title='bbox 1119 3570 1184 3622; x_wconf 86' lang='lat' dir='ltr'>erat,</span> <span class='ocrx_word' id='word_1_342' title='bbox 1203 3558 1342 3623; x_wconf 82' lang='lat' dir='ltr'>cecidisse,</span> <span class='ocrx_word' id='word_1_343' title='bbox 1388 3567 1390 3570; x_wconf 85' lang='lat'>&#39;</span> 
     </span>
     <span class='ocr_line' id='line_1_38' title="bbox 268 3629 1343 3703; baseline -0.004 -17"><span class='ocrx_word' id='word_1_344' title='bbox 268 3649 358 3703; x_wconf 86' lang='lat' dir='ltr'>neque</span> <span class='ocrx_word' id='word_1_345' title='bbox 375 3649 423 3703; x_wconf 87' lang='lat' dir='ltr'>per</span> <span class='ocrx_word' id='word_1_346' title='bbox 443 3630 554 3685; x_wconf 87' lang='lat' dir='ltr'>eaedem</span> <span class='ocrx_word' id='word_1_347' title='bbox 577 3630 659 3682; x_wconf 89' lang='lat' dir='ltr'>ullius</span> <span class='ocrx_word' id='word_1_348' title='bbox 682 3629 848 3698; x_wconf 86' lang='lat' dir='ltr'>captivorum</span> <span class='ocrx_word' id='word_1_349' title='bbox 872 3630 945 3681; x_wconf 87' lang='lat' dir='ltr'>civili</span> <span class='ocrx_word' id='word_1_350' title='bbox 969 3632 1098 3700; x_wconf 80' lang='lat' dir='ltr'>sangnine</span> <span class='ocrx_word' id='word_1_351' title='bbox 1121 3632 1343 3700; x_wconf 84' lang='lat' dir='ltr'>pollutum&#39;esse,</span> 
     </span>
     <span class='ocr_line' id='line_1_39' title="bbox 269 3698 1342 3774; baseline -0.007 -16"><span class='ocrx_word' id='word_1_352' title='bbox 269 3703 400 3774; x_wconf 77' lang='lat' dir='ltr'>egregiam</span> <span class='ocrx_word' id='word_1_353' title='bbox 426 3718 488 3771; x_wconf 78' lang='lat' dir='ltr'>erga</span> <span class='ocrx_word' id='word_1_354' title='bbox 511 3717 560 3752; x_wconf 91' lang='lat' dir='ltr'><strong><em>nos</em></strong></span> <span class='ocrx_word' id='word_1_355' title='bbox 592 3699 645 3751; x_wconf 88' lang='lat' dir='ltr'><strong><em>Dei</em></strong></span> <span class='ocrx_word' id='word_1_356' title='bbox 669 3698 868 3767; x_wconf 81' lang='lat' dir='ltr'>providentiam</span> <span class='ocrx_word' id='word_1_357' title='bbox 892 3717 1035 3770; x_wconf 84' lang='lat' dir='ltr'>curamque</span> <span class='ocrx_word' id='word_1_358' title='bbox 1062 3702 1203 3769; x_wconf 79' lang='lat' dir='ltr'>significat.</span> <span class='ocrx_word' id='word_1_359' title='bbox 1246 3702 1342 3769; x_wconf 82' lang='lat' dir='ltr'>ltaque</span> 
     </span>
     <span class='ocr_line' id='line_1_40' title="bbox 269 3768 1342 3837; baseline -0.005 -11"><span class='ocrx_word' id='word_1_360' title='bbox 269 3783 298 3827; x_wconf 90' lang='lat' dir='ltr'>et</span> <span class='ocrx_word' id='word_1_361' title='bbox 320 3791 370 3827; x_wconf 90' lang='lat' dir='ltr'><strong><em>nos</em></strong></span> <span class='ocrx_word' id='word_1_362' title='bbox 396 3774 511 3825; x_wconf 80' lang='lat' dir='ltr'>victores</span> <span class='ocrx_word' id='word_1_363' title='bbox 533 3770 691 3822; x_wconf 81' lang='lat' dir='ltr'>miserorum</span> <span class='ocrx_word' id='word_1_364' title='bbox 714 3768 911 3837; x_wconf 79' lang='lat' dir='ltr'>calamitatibus</span> <span class='ocrx_word' id='word_1_365' title='bbox 939 3769 973 3822; x_wconf 86' lang='lat' dir='ltr'><strong><em>sd</em></strong></span> <span class='ocrx_word' id='word_1_366' title='bbox 1000 3770 1210 3823; x_wconf 86' lang='lat' dir='ltr'>misericordiam</span> <span class='ocrx_word' id='word_1_367' title='bbox 1239 3770 1342 3821; x_wconf 85' lang='lat' dir='ltr'>inflecti</span> 
     </span>
     <span class='ocr_line' id='line_1_41' title="bbox 268 3839 1368 3914; baseline -0.005 -17"><span class='ocrx_word' id='word_1_368' title='bbox 268 3852 386 3913; x_wconf 79' lang='lat' dir='ltr'>oportet,</span> <span class='ocrx_word' id='word_1_369' title='bbox 402 3844 509 3914; x_wconf 90' lang='lat' dir='ltr'>(eontra</span> <span class='ocrx_word' id='word_1_370' title='bbox 527 3840 654 3893; x_wconf 85' lang='lat' dir='ltr'>barbaros</span> <span class='ocrx_word' id='word_1_371' title='bbox 673 3856 738 3891; x_wconf 86' lang='lat' dir='ltr'>sane</span> <span class='ocrx_word' id='word_1_372' title='bbox 757 3839 830 3891; x_wconf 89' lang='lat' dir='ltr'>bello</span> <span class='ocrx_word' id='word_1_373' title='bbox 847 3841 1017 3903; x_wconf 82' lang='lat' dir='ltr'>interneciuo</span> <span class='ocrx_word' id='word_1_374' title='bbox 1035 3841 1222 3910; x_wconf 80' lang='lat' dir='ltr'>pugnandum:</span> <span class='ocrx_word' id='word_1_375' title='bbox 1248 3848 1342 3891; x_wconf 72' lang='lat' dir='ltr'>contra</span> <span class='ocrx_word' id='word_1_376' title='bbox 1365 3854 1368 3865; x_wconf 88' lang='lat'>·</span> 
     </span>
     <span class='ocr_line' id='line_1_42' title="bbox 267 3907 1343 3984; baseline -0.006 -18"><span class='ocrx_word' id='word_1_377' title='bbox 267 3913 411 3984; x_wconf 87' lang='lat' dir='ltr'>populares</span> <span class='ocrx_word' id='word_1_378' title='bbox 428 3920 519 3965; x_wconf 83' lang='lat' dir='ltr'>autem</span> <span class='ocrx_word' id='word_1_379' title='bbox 536 3927 623 3981; x_wconf 87' lang='lat' dir='ltr'>usque</span> <span class='ocrx_word' id='word_1_380' title='bbox 647 3907 711 3961; x_wconf 83' lang='lat' dir='ltr'><strong><em>dum</em></strong></span> <span class='ocrx_word' id='word_1_381' title='bbox 729 3909 840 3980; x_wconf 71' lang='lat' dir='ltr'>vinosa)</span> <span class='ocrx_word' id='word_1_382' title='bbox 869 3916 898 3964; x_wconf 88' lang='lat' dir='ltr'>et</span> <span class='ocrx_word' id='word_1_383' title='bbox 922 3927 982 3979; x_wconf 87' lang='lat' dir='ltr'>pars</span> <span class='ocrx_word' id='word_1_384' title='bbox 1007 3909 1042 3962; x_wconf 85' lang='lat' dir='ltr'><strong><em>de</em></strong></span> <span class='ocrx_word' id='word_1_385' title='bbox 1068 3911 1168 3980; x_wconf 82' lang='lat' dir='ltr'>praeda</span> <span class='ocrx_word' id='word_1_386' title='bbox 1190 3910 1303 3978; x_wconf 84' lang='lat' dir='ltr'>captivis</span> <span class='ocrx_word' id='word_1_387' title='bbox 1325 3926 1343 3960; x_wconf 86' lang='lat' dir='ltr'>a</span> 
     </span>
     <span class='ocr_line' id='line_1_43' title="bbox 268 3980 1344 4056; baseline -0.007 -19"><span class='ocrx_word' id='word_1_388' title='bbox 268 3984 411 4056; x_wconf 82' lang='lat' dir='ltr'>quolibet,</span> <span class='ocrx_word' id='word_1_389' title='bbox 431 3990 559 4055; x_wconf 72' lang='lat' dir='ltr'>quantm</span> <span class='ocrx_word' id='word_1_390' title='bbox 578 3980 711 4043; x_wconf 79' lang='lat' dir='ltr'>voluerit,</span> <span class='ocrx_word' id='word_1_391' title='bbox 734 3980 904 4033; x_wconf 84' lang='lat' dir='ltr'>restituenda</span> <span class='ocrx_word' id='word_1_392' title='bbox 928 3989 977 4038; x_wconf 86' lang='lat' dir='ltr'>est.</span> <span class='ocrx_word' id='word_1_393' title='bbox 1013 3980 1078 4032; x_wconf 85' lang='lat' dir='ltr'>Tria</span> <span class='ocrx_word' id='word_1_394' title='bbox 1102 3984 1175 4036; x_wconf 81' lang='lat' dir='ltr'>enirn</span> <span class='ocrx_word' id='word_1_395' title='bbox 1193 3980 1267 4030; x_wconf 91' lang='lat' dir='ltr'>bona</span> <span class='ocrx_word' id='word_1_396' title='bbox 1284 3996 1344 4030; x_wconf 87' lang='lat' dir='ltr'><strong><em>ma·</em></strong></span> 
     </span>
     <span class='ocr_line' id='line_1_44' title="bbox 267 4048 1342 4120; baseline -0.007 -13"><span class='ocrx_word' id='word_1_397' title='bbox 267 4056 341 4107; x_wconf 79' lang='lat' dir='ltr'>xima</span> <span class='ocrx_word' id='word_1_398' title='bbox 359 4053 424 4107; x_wconf 88' lang='lat' dir='ltr'>binc</span> <span class='ocrx_word' id='word_1_399' title='bbox 439 4052 516 4106; x_wconf 84' lang='lat' dir='ltr'>vobis</span> <span class='ocrx_word' id='word_1_400' title='bbox 535 4052 611 4104; x_wconf 81' lang='lat' dir='ltr'>luero</span> <span class='ocrx_word' id='word_1_401' title='bbox 628 4058 816 4120; x_wconf 84' lang='lat' dir='ltr'>apponentur;</span> <span class='ocrx_word' id='word_1_402' title='bbox 840 4051 927 4102; x_wconf 84' lang='lat' dir='ltr'>Deum</span> <span class='ocrx_word' id='word_1_403' title='bbox 945 4051 1094 4120; x_wconf 76' lang='lat' dir='ltr'>propitium</span> <span class='ocrx_word' id='word_1_404' title='bbox 1111 4050 1267 4112; x_wconf 85' lang='lat' dir='ltr'>babebitis,</span> <span class='ocrx_word' id='word_1_405' title='bbox 1292 4048 1342 4119; x_wconf 87' lang='lat' dir='ltr'><strong><em>qni</em></strong></span> 
     </span>
     <span class='ocr_line' id='line_1_45' title="bbox 268 4118 1342 4192; baseline -0.008 -12"><span class='ocrx_word' id='word_1_406' title='bbox 268 4126 300 4180; x_wconf 84' lang='lat' dir='ltr'><strong><em>in</em></strong></span> <span class='ocrx_word' id='word_1_407' title='bbox 315 4124 430 4183; x_wconf 78' lang='lat' dir='ltr'>afflictos</span> <span class='ocrx_word' id='word_1_408' title='bbox 448 4129 571 4178; x_wconf 79' lang='lat' dir='ltr'>navatam</span> <span class='ocrx_word' id='word_1_409' title='bbox 589 4118 818 4183; x_wconf 83' lang='lat' dir='ltr'>misericordiam,</span> <span class='ocrx_word' id='word_1_410' title='bbox 835 4128 971 4191; x_wconf 70' lang='lat' dir='ltr'>umquam</span> <span class='ocrx_word' id='word_1_411' title='bbox 989 4120 1044 4173; x_wconf 90' lang='lat' dir='ltr'>sibi</span> <span class='ocrx_word' id='word_1_412' title='bbox 1059 4123 1234 4192; x_wconf 83' lang='lat' dir='ltr'>praestitam,</span> <span class='ocrx_word' id='word_1_413' title='bbox 1256 4135 1342 4188; x_wconf 88' lang='lat' dir='ltr'>repn-</span> 
     </span>
    </p>
   </div>
   <div class='ocr_carea' id='block_1_4' title="bbox 0 0 1509 4742">
    <p class='ocr_par' dir='ltr' id='par_1_10' title="bbox 0 0 1509 4742">
     <span class='ocr_line' id='line_1_46' title="bbox 0 0 1509 4742; baseline 0 0"><span class='ocrx_word' id='word_1_414' title='bbox 0 0 1509 4742; x_wconf 95' lang='lat' dir='ltr'><strong><em> </em></strong></span> 
     </span>
    </p>
   </div>
  </div>
 </body>
</html>
