3000 4742
508 284 789 351 maronianum
821 289 847 350 1.
873 288 926 355 nt,
1134 282 1230 366 ‘²¹7

161 443 219 507 τοῦ
230 435 373 522 δαίμονος
390 435 412 523 ἦ
430 438 616 520 δυσμένεια,
636 440 680 504 δι’
692 434 731 523 ἣν
747 433 894 513 πολλάκις
908 436 943 499 ἐν
965 442 1069 512 κακοῖς
1088 437 1375 510 mutandam

58 581 63 600 2
161 542 310 625 πάρηκα,
334 540 389 622 τῆς
409 540 469 619 μὲν
493 538 637 612 δουλείας
657 535 713 601 καὶ
732 533 921 614 εὐπειθείας,
945 529 986 618 ἢν
1006 530 1107 618 ῦργοις
1123 534 1234 612 «own
1273 537 1279 548 '

160 633 364 720 ἐπεδειξάμην
384 635 419 699 ἐν
436 632 532 700 παντὶ
547 637 592 723 api
607 630 820 719 παρασχόντι,
846 629 1077 715 παρεσκεύασεν
1092 632 1236 718 inmisi«
1295 681 1298 688 .

159 741 260 817 σθαι,
288 742 355 809 τοῖς
370 733 572 816 διαβάλλουσι
592 734 627 799 δὲ
642 736 698 798 καί
709 734 961 819 συκοφαντοῦσιν
974 729 1116 794 άνίπεισε
1134 753 1233 815 προσ-

136 834 241 917 ὄέχειν
255 832 312 899 κατ’
328 830 385 898 τῦν
409 838 476 898 καί
490 834 571 914 ἐμοῦ
581 830 715 914 πόλεμον
734 839 840 913 κινεῖν,
861 831 973 912 δέομυε
987 820 1084 903 αύθις
1097 824 1142 912 μὴ
1156 828 1232 913 ἐρη-

157 956 221 1017 μην
245 927 329 996 οῦτοι
352 932 646 1016 καταψηφισασθαι,
674 927 755 994 attii
777 920 816 996 τά
836 951 870 994 τε
889 923 1065 1012 ἐγκλήματα
1093 926 1231 1011 δηλοῦσαν

158 1032 216 1095 καί
229 1027 324 1096 τύπον
339 1023 506 1112 ἀπολογίας
527 1037 713 1113 παρασχεῖν.
743 1029 774 1095 εί
787 1030 847 1111 μὲν
868 1018 927 1093 οῦν
943 1023 1091 1112 διαφύγοι
1108 1020 1166 1107 την
1185 1020 1260 1089 ‹tl-a

161 1153 236 1214 κην,
255 1126 296 1194 τά
321 1126 497 1214 ἐγκλήματα
520 1127 772 1210 α’πολυσάμενος,
794 1120 832 1192 sd
847 1115 887 1191 άν
906 1120 986 1208 ἔχοι·
1015 1116 1055 1187 dr
1073 1124 1110 1188 δ’
1126 1123 1233 1206 ἐπιορ-

166 1231 230 1292 κοῦν
241 1223 309 1291 citui
321 1225 377 1291 nat
392 1227 631 1314 παρασπονδῶν,
652 1226 806 1307 οῦδεμιῦς
821 1225 899 1303 άξιῦ
908 1230 1022 1306 τυχεῖν
1039 1220 1233 1306 συγγνώμης,

125 1322 247 1392 ιοάλλά
258 1328 322 1391 πῦν
340 1324 448 1390 ὁτιοῦν
457 1323 591 1408 πάσχειν
605 1323 885 1406 adsiccandae&
899 1319 1047 1406 βασιλεῦς
1063 1321 1123 1401 μὲν
1138 1311 1196 1384 οῦν
1213 1314 1233 1382 ῦ

161 1425 229 1502 νέος
240 1431 306 1500 τοῖς
318 1425 479 1511 ,πρέσβεσι
490 1425 535 1515 τῷ
546 1422 662 1513 πάππῳ
679 1424 809 1490 τοιαῦτα
820 1421 959 1489 ἐκέλευεν
976 1413 1187 1503 εἰσαγγέλλειν
1201 1414 1233 1480 οῖ
1326 1491 1328 1494 v

164 1524 186 1587 δ
193 1529 203 1554 ’
218 1523 426 1589 ἐπυνθάνοντο
446 1515 553 1605 αύθις,
566 1524 597 1588 εί
613 1524 714 1607 μηδὲν
730 1517 835 1611 ἑαυτῷ
849 1520 972 1585 σύνοιδε
991 1515 1065 1592 τούς
1080 1512 1159 1600 πρὸς
1171 1518 1232 1597 βα-

162 1626 252 1688 σιλέα
270 1619 327 1686 νῦν
342 1618 470 1686 πάππον
479 1622 701 1705 γεγενημένους
719 1614 832 1704 ὅρκους
845 1611 1078 1704 παραβεβηκώς,
1097 1611 1235 1693 οἰόμενοι

161 1728 269 1785 πεῖσαι
290 1712 330 1782 ds
349 1721 482 1801 βασιλέα
499 1714 616 1806 ρρδάος
638 1715 851 1782 διαλύσασθαι
874 1715 953 1799 πρὸς
978 1711 1034 1779 τὸν
1048 1710 1187 1797 ἔγγονον,
1205 1710 1237 1774 si

122 1820 258 1904 τὸμηδέν
272 1817 477 1898 ἐπιορκοῦντα
491 1815 621 1883 πύθοιτο
638 1810 743 1882 αῦτόν.
763 1816 820 1881 τοῦ
834 1816 870 1880 δέ
895 1813 1141 1898 ἰσχυρωαμένου
1156 1801 1234 1891 ῦχρι

125 1989 127 1996 ,
158 1912 230 1981 τότε
244 1915 529 2001 παρεσπονδηκέναι
545 1916 710 2000 μηδαμῶς,
729 1916 894 2002 χαίροντες
905 1916 949 1992 εἷς
964 1910 1141 1992 Βυζάντιον
1154 1911 1263 1977 ino-c

158 2014 268 2097 νῆιιον,
293 2010 467 2091 ἐλπίζοντες
485 2009 540 2077 τὸν
560 2009 695 2095 πόλεμον
715 2015 780 2079 roto
800 2014 955 2096 βασιλέων
972 2009 1169 2076 καταλύσειν·
1194 2002 1232 2070 τά

158 2113 197 2175 δ’
211 2111 360 2186 ἐναντίας
373 2105 395 2197 ἢ
409 2110 510 2196 ἐπέβη
524 2109 729 2197 προσεδόκων.
750 2109 1005 2195 άπαγγειλάνεων
1023 2107 1084 2195 γάρ
1100 2102 1157 2173 ῦσα
1171 2109 1234 2189 βα-
1335 2149 1337 2156 ,

116 2254 121 2265 ·
157 2205 309 2284 σιλεύςῦ
336 2209 405 2285 νέος
421 2209 502 2294 πρὸς
520 2209 558 2275 τύ
581 2207 626 2297 μὴ
644 2211 928 2295 παρεσπονδηκέναι
940 2203 1150 2293 παραιτεῖται,
1178 2198 1233 2269 οῦ-

119 2308 212 2376 zotto
225 2306 380 2390 μάλλονά
397 2309 607 2396 πρεσβύτερος
622 2309 727 2396 ,ῦφῆκε
751 2312 808 2398 τῆς
828 2305 929 2393 ὀργῆς,
950 2308 1019 2372 ἀλλ’
1031 2304 1158 2381 ἐκείνοις
1173 2306 1233 2385 μὲν

157 2400 342 2492 ἀπεκρίνατο
367 2406 471 2473 οὐδέν·
499 2411 544 2497 τῷ
570 2409 749 2497 πατριάρχη
771 2411 806 2475 δὲ
829 2409 945 2497 Ἠσαΐη
966 2403 1003 2471 τύ
1025 2401 1232 2490 μνημονεύειν

157 2507 192 2571 ἐν
208 2512 278 2580 ταῖς
301 2502 538 2590 ἱεροεελεστιῦιις
564 2511 622 2573 τοῦ
642 2505 770 2591 ἐγγάνου
791 2506 866 2592 μήτ’
887 2508 923 2571 ἐν
943 2508 986 2593 τῷ
1001 2508 1055 2596 τῆς
1076 2506 1134 2570 τοῦ
1152 2504 1232 2568 θεοῦ

158 2606 277 2689 Συρίας
299 2606 373 2692 νεῷ,
403 2600 479 2690 μη’τ’
502 2607 537 2670 ἐν
564 2614 629 2681 τοῖς
651 2600 756 2682 ἄλλοις
778 2603 874 2690 ἱεροῖς
896 2606 1018 2669 ἐκέλευε
1043 2607 1229 2688 συγχωρεῖν·

159 2700 215 2765 καί
236 2695 337 2766 αῦτῦν
358 2699 418 2790 γάρ
445 2706 507 2769 νῦν
538 2705 575 2790 ἐν
600 2706 770 2788 βασιλειοις
791 2701 885 2791 ἱεροῦν
915 2702 1140 2788 ἀπεληλακέναι
1167 2698 1324 2786 civitot

161 2872 339 2924 immortalem
356 2872 483 2938 obsecro,
500 2881 533 2927 nt
548 2876 623 2927 iuxta
641 2891 745 2940 mecum
762 2876 898 2928 miseriam
915 2890 1003 2925 meam
1019 2872 1129 2936 sentiat,
1147 2887 1232 2942 seque

90 2975 94 2992 .
159 2942 196 2994 ad
218 2944 359 2995 lenitatem
380 2943 445 3006 det,
469 2961 500 2998 ac
521 2962 557 2998 ne
578 2944 646 3029 (prid
666 2954 775 3015 praeter
800 2962 916 3016 aequum
934 2944 1082 2996 othonum
1105 2948 1231 2994 attentet.

81 3049 86 3060 .
158 3011 294 3082 Quod-si
316 3013 517 3066 cacodaemonis
536 3016 702 3086 malignitas,
727 3023 939 3087 propterquam
963 3014 1060 3065 multas
1082 3012 1164 3064 toties
1183 3026 1231 3062 ae·

158 3097 273 3135 somnes
285 3084 401 3152 pertuli,
418 3091 536 3152 paratam
558 3084 592 3136 ad
619 3087 678 3138 eius
704 3095 801 3150 nutum
827 3085 994 3137 voluntatem
1019 3098 1118 3143 meam,
1138 3097 1231 3151 ροισι,

157 3153 374 3235 quotiescunque
391 3155 495 3206 occasio
513 3155 581 3218 fuit,
605 3172 670 3224 prae
691 3172 735 3208 me
754 3155 820 3218 tuli,
846 3171 879 3207 cx
901 3155 990 3206 animo
1023 3153 1067 3205 illi
1092 3151 1228 3215 excussit,

157 3222 387 3275 obtrectatoribus
409 3233 499 3275 autem
516 3232 545 3277 ct
562 3223 734 3294 sycophantia
751 3241 829 3277 aures
851 3223 917 3276 dare
942 3232 971 3276 et
983 3225 1064 3275 armis
1080 3239 1124 3275 me
1136 3237 1230 3291 perse·

156 3294 205 3362 qui
223 3293 373 3362 persuasit,
390 3293 490 3344 iterum
510 3311 574 3358 oro,
592 3312 627 3346 ne
643 3295 746 3347 indicta
762 3312 842 3347 causa
858 3310 901 3345 me
919 3294 1096 3356 condemnet,
1113 3290 1162 3344 sed
1175 3293 1229 3344 cri·

156 3365 229 3414 mina
245 3363 379 3430 proferat,
401 3362 567 3431 defendendi
585 3365 673 3417 iocum
692 3366 838 3436 relinquat.
874 3364 921 3427 Si,
936 3365 1060 3418 refutatis
1075 3362 1150 3426 illis,
1177 3362 1230 3414 da·
1248 3383 1251 3390 ⁴

156 3434 323 3485 mentionem
336 3436 470 3503 effugato,
485 3434 556 3487 benc
570 3433 667 3488 habet:
684 3436 728 3488 sin
744 3434 863 3504 perfidus
885 3441 914 3488 et
929 3433 1092 3504 foedifragus
1103 3434 1229 3485 inventus
1316 3441 1325 3458 ‘

156 3503 249 3564 fuero,
265 3520 301 3554 ne
317 3503 424 3556 veniam
439 3520 604 3576 consequar,
623 3513 651 3557 et
673 3506 718 3557 vel
746 3523 790 3557 me
813 3504 917 3569 iudice,
941 3506 1110 3576 quantumvis
1132 3521 1227 3576 magno

155 3573 290 3641 supplicio
307 3574 413 3626 multer.
448 3574 522 3627 ilaec
538 3592 623 3643 nepos
640 3590 698 3628 nvo.
734 3575 934 3646 Quaerentibus
952 3574 1042 3628 adhoc
1058 3576 1163 3659 legatis,
1181 3590 1228 3627 ec-

155 3641 223 3714 quit
242 3644 435 3707 iuramentum,
454 3644 528 3714 quod
545 3661 594 3698 avo
618 3646 727 3708 iurarit,
750 3647 854 3698 nuliam
878 3654 981 3715 partem
1001 3646 1129 3707 violarit,
1147 3644 1228 3716 (rati,

155 3730 212 3764 non
230 3712 343 3766 difficile
361 3717 565 3767 reconciliatum
582 3715 617 3768 iri
641 3733 748 3780 senem,
775 3718 798 3768 si
823 3716 1000 3769 iurisiurandi
1025 3725 1146 3768 tenacem
1169 3730 1228 3767 esse

154 3781 272 3835 audierit
283 3786 302 3854 ‚)
320 3784 548 3855 confirmantequc
565 3787 630 3849 iilo,
649 3803 677 3839 se
699 3786 734 3839 ad
753 3786 782 3839 id
799 3794 905 3856 tempus
923 3804 1008 3906 usspne
1026 3784 1097 3838 nihii
1121 3784 1229 3838 foederi

156 3855 318 3906 contrarium
336 3856 434 3922 egisse,
453 3855 586 3908 laetantes
609 3873 640 3908 ac
657 3857 728 3910 bene
752 3865 901 3926 sperantes,
926 3857 960 3908 bc
973 3858 1028 3908 lum
1046 3856 1164 3925 sopitum
1181 3853 1227 3917 iri,

154 3922 312 3986 Byzantium
330 3926 488 3992 repetivere.
523 3925 622 3978 Verum
642 3927 723 3979 aliter
745 3927 862 3990 accidit,
887 3942 968 3996 quam
984 3925 1143 3996 sperabant:
1178 3941 1228 3976 en-

154 3991 252 4060 positis
267 4010 384 4065 namque
402 3995 501 4064 quihus
526 3997 618 4049 iunior
638 3999 712 4066 rupti
733 3996 850 4050 foederis
867 3996 973 4065 cuipam
995 3996 1029 4047 ab
1047 4012 1076 4048 se
1100 3995 1227 4058 smoiihrs

155 4067 246 4120 esset,
265 4062 352 4116 nihilo
371 4080 413 4114 ma
431 4066 454 4116 is
473 4067 563 4118 senior
580 4067 648 4118 iram
664 4068 765 4136 posuit.
800 4067 835 4118 Et
850 4065 946 4135 legatis
964 4066 1075 4137 quidem
1092 4063 1164 4117 nihil
1181 4081 1226 4116 re-

153 4128 282 4216 spondit:
299 4082 544 4202 patriarcharum
562 4138 654 4190 Esaiae
672 4138 829 4205 praecepit,
846 4143 877 4185 ut
893 4137 966 4188 inter
980 4152 1113 4190 sacrorum
1137 4133 1228 4186 soien—
1255 4179 1258 4186 .

149 4217 197 4256 uss
223 4217 313 4274 neque
333 4206 363 4258 in
380 4202 518 4277 Sophiae,
536 4223 626 4278 neque
651 4207 682 4259 in
701 4206 762 4260 aliis
781 4206 887 4276 templis
906 4209 964 4260 cius
983 4223 1083 4260 nomen
1101 4202 1146 4260 edi
1154 4205 1231 4256 sinc·
