3000 4742
243 160 297 272 ιλ
645 195 927 265 ωαωοσιεω

8 366 9 401 t
92 352 293 427 burtonam*
310 351 396 441 φιλοι
418 351 474 418 καί
491 351 712 436 βουλησόμενοι
732 354 819 434 μάλα
842 351 1017 440 προθύμως
1033 353 1113 438 sinte
1136 356 1194 422 τοῦ
1214 351 1325 433 παιδὸς

238 452 338 523 αῦτοῦ
354 450 608 520 διακινδυνεύειν
637 446 675 537 ἢ,
697 454 729 518 si
737 451 783 538 μὴ
801 454 1069 537 τοῦτο’βούλοιτο,
1090 454 1202 531 δεδιὼς
1217 457 1268 537 nic,
1296 459 1327 521 εἰ

236 554 281 642 μὴ
297 552 375 640 πρὸς
400 550 573 635 συμβάσεις
589 549 606 618 ὃ
621 550 771 634 βασιλεύς
793 553 849 616 καί
868 553 991 630 πάππος
1014 549 1118 645 αύτῷ,
1148 550 1226 620 ἆλλά
1249 552 1326 640 πρὸς
1387 594 1390 603 ·

238 653 371 736 πόλεμον
396 656 515 732 μᾶλλον
538 649 618 737 ύπὲρ
640 649 677 716 τύ
703 654 774 717 δέον
796 650 935 737 χωρήσει
952 651 1176 738 παροξυνθείς,
1206 654 1325 744 ῥηιδιως

237 752 364 839 σχήσων
385 749 536 837 στρατιάς
555 748 675 833 συχνάς
691 751 860 833 ἐκπέμπειν
875 748 952 838 πρὸς
971 754 1096 838 μάχην,
1117 750 1169 821 οἶα
1188 752 1227 839 δὴ
1248 759 1355 839 πλη.5,

236 853 304 919 σίον
320 843 415 935 ούσης
440 852 495 934 τῆς
515 849 758 916 Κωνσταντάου
770 903 780 933 ,
801 848 879 936 πρὸς
901 848 938 916 τὸ
961 855 1017 936 τῆς
1038 855 1183 939 Χριστοῦ
1208 854 1325 928 πόλεως

238 949 388 1039 φρούριον
404 946 595 1037 άφινέσθαι,
624 945 691 1031 άμα
714 953 775 1031 μὲν
790 950 833 1027 οἷς
857 945 892 1016 ύν
911 947 1062 1037 καρτερὸν
1084 950 1119 1017 ἔκ
1135 977 1170 1017 τε
1186 956 1241 1037 τῆς
1261 953 1325 1039 φύ-

236 1075 315 1127 σεως
332 1053 387 1137 τῆς
410 1053 612 1134 κατασκευῆς,
627 1049 718 1117 τοῦτό
740 1075 802 1115 που
819 1049 877 1115 καί
895 1053 958 1119 τιῦν
982 1053 1114 1136 τειχιῦν,
1142 1048 1210 1135 άμα
1231 1042 1259 1119 δ’
1276 1048 1326 1117 ὅτι

236 1149 292 1215 καί
307 1149 445 1235 ιύσπερεί
457 1174 488 1214 τι
504 1153 648 1235 κλεῖθρον
662 1157 762 1215 κεῖται
777 1154 849 1235 coir:
864 1148 1021 1232 κλιμάτων
1043 1148 1201 1240 ἑκατέρων
1216 1157 1324 1236 μέσον,

154 1264 182 1318 Ρ.
193 1263 227 1322 18
236 1247 293 1335 τὴν
310 1246 440 1334 δυτικῆν
455 1247 606 1334 στρατιάν
622 1246 736 1333 πολλήν
757 1274 828 1313 τινα
845 1241 944 1315 ούσαν
967 1248 1023 1315 καί
1037 1248 1115 1337 πρὸς
1127 1252 1234 1336 μάχας
1253 1255 1363 1337 ἔξηνε)

234 1352 390 1434 σκημένην
407 1351 462 1434 τῆς
483 1351 518 1414 ὃν
535 1351 591 1433 τῆς
608 1351 650 1414 tm
671 1347 726 1413 καί
739 1351 798 1432 τῆς
817 1349 944 1437 Θρᾴκης
966 1352 1109 1435 διεῖργον·
1136 1351 1192 1418 καί
1207 1351 1322 1438 τρίτον,

234 1444 283 1514 tiu
306 1450 459 1535 παράλιον
482 1442 516 1514 δν
539 1448 595 1513 καί
611 1447 669 1533 τίην
692 1449 728 1512 ἐκ
750 1451 910 1534 θαλάττης
931 1448 1141 1533 ὁθενδὴποθεν
1168 1453 1323 1539 εάκαίρως

234 1543 274 1614 άν
292 1547 484 1635 παράσχοιτο
500 1546 697 1631 συμμαχίαν.
721 1549 819 1612 Τοῦτο
839 1552 937 1635 πέρας
954 1551 1135 1629 ἐπιθέμενοι
1159 1557 1197 1641 τῇ
1214 1560 1322 1643 βουλῇ,

233 1643 375 1734 άλλὴλοις
388 1671 423 1712 τε
440 1649 673 1728 συνταξάμενοι,
694 1645 711 1712 ὃ
725 1651 786 1728 μὲν
801 1645 921 1729 ἔμεινεν
938 1650 972 1713 ἐν
982 1650 1090 1740 Θρᾴκῃ
1098 1703 1109 1734 ,
1123 1652 1239 1738 ταύτης
1254 1655 1324 1719 έπι.

154 1756 186 1810 V.
201 1747 412 1834 ι5τροπεύων,
434 1744 694 1832 Καντακουζηνύς
710 1740 741 1814 δ’
758 1746 775 1814 ὅ
790 1750 890 1832 μέγας
905 1753 1087 1831 δομέστικος
1102 1755 1157 1835 τῆς
1173 1750 1250 1837 πρὸς
1265 1751 1362 1838 τηνιᾶ

232 1851 476 1913 Κωνσταντινοῦ
494 1846 649 1933 φερούσης
675 1847 796 1932 εἴχετο,
832 1848 890 1935 τὴν
911 1851 1058 1915 σύνευνον
1081 1845 1170 1938 αύτῷ
1195 1857 1323 1917 καταλι.

233 1946 301 2013 πάν
317 1948 351 2012 έν
372 1951 412 2034 τῇ
427 1946 570 2012 Καλλίου
588 1946 684 2013 πόλει·
713 1951 747 2013 ἐν
765 1948 867 2037 ταύτῃ
882 1946 942 2035 γάρ
969 1951 1106 2034 διέτριβε
1123 1946 1159 2014 τύ
1180 1955 1324 2016 πλεῖστον

233 2050 290 2112 τοῦ
310 2045 444 2133 χρόνου,
464 2051 558 2112 τοῦτο
574 2052 635 2130 μὲν
651 2048 695 2125 ὥς
711 2048 880 2134 ἐπικαίρως
893 2047 1019 2132 ἔχοντος
1037 2052 1095 2115 τοῦ
1111 2049 1229 2135 χωρίου
1248 2047 1325 2135 πρὸς

233 2145 293 2223 τάς
309 2146 442 2235 ἐφόδους
458 2142 676 2219 άνθιστασθαι
691 2151 755 2214 νῦν
768 2149 955 2234 βαρβάρων,
974 2150 1069 2213 τοῦτο
1087 2139 1116 2215 δ’
1130 2144 1180 2213 δτι
1198 2146 1252 2213 καί
1266 2152 1325 2212 τοῦ

233 2250 386 2314 ναυτικοῦ
405 2244 519 2324 παντὸς
540 2250 574 2313 ἒν
589 2250 689 2337 ταύτη
713 2251 963 2337 κατῳκισμένον,
983 2251 1106 2314 πολλεῦν
1121 2240 1217 2315 ύντων
1234 2248 1363 2334 terrim

203 2349 314 2432 Βρεων
329 2348 556 2433 πληρωμάτων,
577 2345 652 2424 τούς
667 2348 839 2433 ἐγχωρίους
854 2351 1034 2431 συνέβαινεν
1050 2346 1192 2433 άρπαγάς
1205 2343 1323 2430 ῦπομέ.
1358 2358 1365 2369 ’

230 2469 294 2511 νειν
310 2444 366 2510 καί
376 2446 466 2529 βίας,
498 2449 556 2510 τοῦ
573 2450 745 2533 φοβοῦντες
760 2441 818 2512 ούκ
833 2440 919 2522 ὄντος
934 2447 991 2512 καί
1004 2448 1060 2526 τάς
1075 2447 1175 2536 ύρμάς
1193 2448 1322 2529 ἐπέχον.

229 2568 298 2619 τος·
319 2542 516 2629 ναντικὴγάρ
534 2541 674 2632 άναρχία
690 2547 855 2632 κρείσσων,
877 2546 926 2622 τίς
941 2544 1003 2632 ἔφη
1013 2598 1022 2628 ,
1043 2551 1148 2633 πυράς.
1177 2548 1323 2611 κατέλιπε

206 2708 213 2723 ,
229 2650 262 2714 δ’
270 2650 339 2713 ε’κεῖ
348 2643 405 2730 την
424 2653 574 2728 γυναῖκα,
594 2648 638 2734 τῷ
655 2649 755 2715 δοκεῖν
770 2650 846 2730 μὲν,
869 2646 913 2721 ὥς
930 2641 966 2712 ού
977 2646 1093 2736 ῥηιδίως
1111 2645 1193 2730 ἔχων
1212 2645 1322 2711 ἒπισύ,

228 2752 345 2836 ρεσθαι
361 2743 418 2828 τὴν
432 2754 659 2828 γυναικωνῖτιν,
683 2750 721 2834 τῇ
737 2738 775 2809 δ’
794 2743 943 2835 άληθεάχ,
967 2741 1052 2821 inne
1068 2745 1156 2833 αύτῷ
1164 2744 1322 2830 πρόφασιν
1362 2792 1365 2801 ,

296 2849 324 2905 5,
336 2846 437 2917 σχήσει
454 2849 523 2900 coni.
535 2848 581 2901 Gr.
650 2866 676 2917 φ
692 2849 818 2914 ὡσπερεί
831 2867 860 2901 τι
878 2848 984 2900 emend.
1005 2847 1050 2900 Gr.
1065 2865 1115 2919 pro
1134 2848 1205 2917 vulg.
1223 2845 1320 2918 ὥσπερ

261 2954 266 2961 ·
298 2921 361 2972 είτι.
453 2936 494 2972 no.
514 2922 671 2987 τριηρικῶν
689 2922 759 2970 conl.
777 2919 809 2971 N.
895 2923 936 2972 nl.
954 2922 1005 2976 τλς.
1020 2920 1112 2988 Eurip.
1123 2917 1187 2970 Hec.
1202 2919 1261 2971 ΕΒ.
1272 2920 1301 2971 Ρ.

229 3017 277 3088 qul
291 3032 340 3085 pro
357 3016 415 3067 clus
430 3014 488 3066 filio
511 3030 613 3065 summa
628 3013 769 3065 voluntate
788 3013 942 3064 dimicaturi
959 3012 1130 3064 viderentur:
1157 3014 1228 3074 sive,
1255 3016 1278 3069 si
1291 3013 1321 3066 id

227 3089 317 3139 minus
331 3086 468 3155 probaret,
483 3092 616 3143 metuens,
628 3101 673 3146 ne,
692 3086 714 3135 si
733 3099 796 3135 evus
807 3092 896 3153 spreta
907 3085 1010 3154 pietate
1027 3083 1199 3136 exacerbatus
1217 3085 1321 3136 bellurn

228 3173 310 3227 qnam
327 3172 420 3225 pacem
442 3154 550 3215 mallet,
579 3154 695 3206 validam
714 3170 822 3205 manum
845 3153 879 3206 ad
897 3170 926 3206 se
942 3155 1151 3223 oppugnandum
1172 3157 1320 3217 emitteret,

229 3227 305 3297 quod
325 3234 437 3294 propter
453 3224 706 3292 Constantinopolis
721 3226 891 3277 vicinitatem
907 3225 987 3277 facile
1002 3238 1107 3294 posset,
1132 3225 1321 3295 Christopolin

229 3298 313 3367 igitur
327 3313 355 3347 se
372 3294 516 3355 conferret,
530 3293 661 3362 oppidum
676 3295 756 3346 simui
771 3305 866 3348 natura
883 3296 936 3348 loci
953 3305 981 3354 et
994 3300 1078 3351 muris
1088 3298 1192 3348 firmum
1209 3314 1239 3349 ae
1249 3304 1317 3348 tnu-

229 3368 333 3429 nltnm,
358 3364 438 3417 simul
461 3363 537 3414 velut
554 3364 690 3433 quoddam
710 3365 855 3418 claustrum
875 3367 904 3418 in
925 3365 1015 3418 medio
1034 3367 1176 3437 utriusque
1191 3367 1318 3428 climatis.

228 3436 411 3489 occidentales
434 3434 523 3501 copias
544 3434 669 3503 lugentes
696 3443 724 3485 et
743 3437 855 3503 praeliis
875 3439 1049 3499 assuefactae,
1079 3438 1113 3489 ab
1137 3438 1316 3490 orientalibus

229 3524 260 3559 ac
274 3505 409 3559 Threiciis
429 3503 579 3565 secludens,
599 3503 701 3555 adhaec
722 3508 885 3559 maritimum
906 3508 985 3561 etad
1006 3508 1108 3560 auxilia
1126 3510 1316 3578 undecumque

229 3581 326 3629 emarl
347 3573 505 3644 accipienda
527 3573 581 3623 situ
596 3572 774 3628 commodum.
814 3578 859 3631 Sic
882 3579 989 3632 demum
1010 3580 1087 3630 linita
1108 3578 1315 3640 deliberatione,

227 3648 342 3718 valeque
365 3647 481 3697 invlccm
503 3642 590 3699 dicto,
609 3643 769 3714 Syrgiannes
788 3649 818 3699 in
837 3648 960 3715 Thracia,
980 3658 1011 3701 ut
1028 3665 1086 3699 eam
1104 3649 1315 3710 administraret,

227 3719 373 3778 remansit,
398 3714 601 3766 Cantaurzenus
624 3715 880 3789 Constantinopolin
901 3723 954 3773 iter
980 3718 1115 3780 intendit,
1143 3736 1228 3771 uxore
1249 3718 1315 3769 Cal-

227 3787 324 3857 llopoli
340 3786 444 3845 relicta,
462 3785 491 3834 in
509 3800 562 3852 qua
582 3784 649 3837 urbe
667 3786 811 3855 plurimum
832 3790 1059 3849 commorabatur,
1079 3790 1177 3857 partim
1193 3785 1266 3857 quod
1283 3804 1315 3838 ea

226 3857 261 3910 ad
285 3857 461 3910 barbarorum
490 3855 652 3923 irruptiones
678 3857 862 3927 prohibendae
886 3862 999 3921 idonea,
1035 3860 1133 3926 partim
1159 3858 1233 3928 qnod
1255 3874 1316 3908 crim

225 3936 286 3980 tota
305 3928 396 3980 classis
415 3923 518 3976 ibidem
537 3934 621 3978 staret
641 3938 786 4005 essentque
802 3936 923 3984 triremes
939 3940 968 3982 et
987 3929 1116 3980 classiarii
1132 3928 1221 3989 multi,
1238 3929 1315 3980 indi-

227 4014 311 4068 genae
329 3995 448 4067 regionis
469 3995 677 4064 expellebantur
697 4017 728 4052 sc
753 4002 964 4071 premebantur,
994 4000 1102 4049 nemine
1127 4015 1173 4051 ees
1195 4007 1315 4051 terrente

225 4084 375 4139 eorumque
394 4067 511 4134 impetus
529 4065 682 4122 cohibente.
723 4071 838 4124 Nautiea
857 4074 961 4141 qnippe
979 4067 1092 4120 licentia
1109 4070 1256 4121 violentior
1272 4078 1315 4122 cst

224 4140 297 4212 igue,
311 4148 342 4197 ut
359 4137 432 4192 dixit
444 4136 587 4210 quispiam.
605 4140 728 4214 Reliquit
743 4150 833 4200 autem
845 4143 904 4203 illie
916 4154 1094 4197 uxoremcum
1103 4140 1211 4201 leminis
1224 4137 1316 4199 bono-2
