3000 4742
270 178 353 295 298
664 201 945 313 monacorum

122 356 291 448 bersaith*
314 353 554 426 {assissinat
585 349 690 433 αδτός.
723 353 836 427 αδτίιια
859 357 895 420 δὲ
916 361 980 432 τοῖς
1002 352 1173 437 βασιλείοις
1196 355 1352 441 ἐπέστησε

269 456 411 547 φρουρὰν
430 456 487 523 καί
504 451 570 539 εἶχε
592 454 646 519 διδ
663 457 807 542 φυλακῆς
825 453 1007 541 ἀσφαλοῦς,
1035 457 1090 519 καί
1109 454 1211 520 πάντα
1230 451 1353 540 ἔπρατ-

268 580 321 622 τεν
333 552 391 622 ὅσα
410 554 428 621 δ
448 554 571 640 ἔγγονος
588 551 731 640 παρῄνει.

349 651 398 739 νὴ.
438 651 596 729 Βασιλεδς
618 654 653 717 δὲ
676 649 692 717 δ
717 655 786 729 νέος
802 648 880 746 πρὸς
892 647 1028 736 Μιχαὴλ
1048 649 1251 734 τὸνβασιλέα
1268 653 1351 715 Μυ-

180 767 262 831 mat
269 754 334 822 σών
351 750 404 819 τὸν
426 751 647 836 Ῥουντζὲριον
672 747 828 835 Ἰωάννην
848 752 977 832 πέμψας
993 745 1200 836 πρεσβευτήν,
1220 743 1375 833 ἄτιμοί-5

268 879 321 921 ναι
339 849 492 937 ἔφασκεν,
515 844 612 912 αὐτὸν
632 849 667 915 ἐν
687 842 784 933 ὁρίοις
801 850 858 932 τῆς
873 847 1045 930 Ῥωμαίων
1064 844 1231 932 ἡγεμονίας
1249 869 1352 932 στρα-

267 950 454 1018 τοπεδεδειν·
474 947 596 1031 ἀγνοεῖν
615 946 721 1028 μέντοι
740 942 799 1029 τὴν
819 938 927 1033 ἄφιξιν
945 946 1045 1027 sisoi
1067 942 1095 1029 ii,
1112 971 1144 1011 τι
1163 942 1223 1029 εἴη.
1243 945 1352 1025 εἰμὲν

267 1043 326 1115 osis
352 1049 451 1126 λύσας
479 1043 556 1121 τοδς
585 1040 697 1129 ὅρκους
726 1043 782 1109 καί
806 1041 862 1121 τὰς
892 1043 1029 1121 σπονδὰς
1056 1042 1114 1122 τοὶς
1143 1040 1221 1129 πρὸς
1240 1037 1350 1125 αὐτὸν,

267 1144 403 1230 πόλεμον
422 1138 564 1231 ἅρασθαι
583 1144 744 1227 βούλεται,
773 1148 894 1225 μαθεῖν
915 1145 1036 1210 ἐθέλειν
1043 1142 1064 1228 ,’
1083 1139 1165 1220 ὅπως
1184 1145 1239 1207 καί
1257 1137 1351 1217 αὐτὸς
1420 1217 1423 1222 ,

266 1241 535 1333 παρασκευάζοιτο
566 1244 602 1308 ἐκ
626 1243 684 1307 τοῦ
704 1237 826 1323 δμοίου·
861 1244 892 1309 εἰ
921 1244 956 1308 δέ
983 1267 1038 1311 του
1067 1239 1177 1329 ἑτέρου
1209 1244 1298 1306 ἓνεκα
1324 1241 1392 1326 siro

268 1342 451 1431 ἐκστρατεία
481 1339 549 1427 εἴη,
578 1340 624 1426 μή
645 1334 778 1425 ιῖγνοεῖν.
811 1337 895 1425 ὅμως
922 1344 1031 1427 μέντοι
1049 1365 1084 1426 γε
1103 1338 1148 1426 τό,
1163 1364 1196 1406 τε
1216 1332 1350 1424 δι’κλιγτον

268 1440 357 1528 ἥκειν
376 1441 541 1527 τεκμήριον
561 1444 723 1505 ποιεῖσθαι
737 1440 795 1505 τοῦ
813 1445 881 1506 κατ’
893 1441 996 1507 sisoi
1008 1450 1136 1528 χωρεῖν,
1157 1440 1212 1504 καί
1233 1434 1268 1503 τὸ
1279 1442 1349 1502 Βυ-

270 1541 404 1620 ζαντίοις
431 1538 616 1624 συμμαχίαν
645 1533 713 1621 ἅμα
737 1533 850 1628 Ἰβώνγ
879 1541 913 1616 ἐς
939 1544 1132 1626 τρισχιλίους
1153 1538 1351 1625 στρατιώτας
1419 1596 1424 1608 ,

272 1645 396 1724 πέμψαι
425 1632 497 1705 οὖσι
524 1639 698 1721 πολεμίοις,
738 1641 882 1727 φανερῶς
908 1638 995 1729 αὐτῷ
1020 1640 1224 1721 πολεμοῦντος
1259 1632 1351 1702 εἶναι.

247 1738 453 1822 Βδαυμάζειν
480 1740 515 1804 δὲ
534 1738 650 1821 αὐτοῦ,
679 1740 710 1805 εἰ
737 1739 915 1821 πυθόμενος
941 1737 1016 1825 περὶ
1032 1739 1208 1818 Βυζάντιον
1228 1734 1391 1822 διατρί-ι5

268 1845 380 1925 βοντος
405 1838 523 1919 αὐτοῦ,
555 1834 722 1915 τοσούτους
750 1840 886 1921 πέμψειε
905 1836 1099 1925 στρατιώτας
1118 1836 1350 1923 συμμαχήσον-

268 1964 327 2016 τας
344 1945 408 2012 τοῖς
428 1936 596 2018 πολεμίοις·
634 1930 799 2021 ἢοίγνοεῖν
817 1936 861 2013 ώς
890 1937 930 2002 ori
958 1934 1168 2025 στρατεύματι
1193 1935 1351 2022 χρήσεται

268 2035 345 2123 πρὸς
373 2030 490 2111 nicosie
509 2032 608 2100 εἰδόσι
628 2040 793 2118 πολεμεῖν,
827 2034 907 2102 ἄλλα
927 2045 994 2113 τοῖς
1023 2044 1170 2121 γεωργοῖς
1189 2033 1351 2115 κελεύσας,

270 2136 510 2220 δδυνατοοτίραν
530 2130 668 2218 θήσουσι
695 2131 754 2220 τὴν
773 2132 923 2201 ἐπάνοδον
950 2133 1058 2212 αὐτοῖς
1085 2129 1107 2219 ἢ
1134 2138 1167 2213 ἐξ
1193 2128 1271 2221 ᾅδου
1293 2158 1350 2197 πυ·

268 2235 343 2298 λών.
389 2229 540 2315 βασιλεδς
564 2235 625 2313 μὲν
653 2225 710 2298 οὖν
738 2237 872 2316 τοιαῦτα
898 2230 1114 2320 ε’πρεσβεύετο.
1152 2231 1292 2317 Μιχαὴλ
1312 2233 1392 2298 tino

269 2329 340 2397 ἐπεί
357 2330 413 2397 τόν
438 2354 471 2396 τε
490 2334 623 2414 βασιλέα
652 2332 785 2397 ε’πδδετο
805 2329 882 2418 πρὸς
908 2329 945 2396 τδ
967 2332 1145 2411 Βυζάντιον
1176 2331 1350 2418 ἀφιγμένον

270 2433 326 2497 καί
340 2434 394 2515 τῆς
414 2424 515 2494 αὐτοῦ
534 2434 683 2515 στρατιᾶς
703 2431 741 2495 ου’
760 2429 886 2518 μακρὰν
906 2433 1244 2517 ε’στρατοπεδευμένον,
1273 2432 1351 2496 ἔθο-

269 2528 396 2616 ρυβὴδη
413 2553 447 2594 τε
467 2532 614 2616 σφοδρῶς
626 2531 690 2595 τών
711 2533 869 2617 σφετέρων
883 2533 972 2596 ἕνεκα
988 2526 1196 2618 στρατιώτών,
1216 2530 1270 2594 καί
1286 2553 1352 2595 σον-

270 2631 380 2715 τρρίας
397 2627 500 2703 αὐτοῖς
516 2627 627 2693 ἐλπίδα
641 2628 794 2711 οδδεμίαν
809 2628 964 2716 συνεώρα,
980 2632 1011 2694 εί
1024 2626 1070 2714 μὴ
1086 2630 1218 2712 τάχιστα
1233 2626 1351 2693 πείσειε

249 2730 426 2812 ὒβαοιλὲα,
453 2722 499 2793 ὅτι
517 2750 552 2792 τε
573 2728 613 2793 οδ
633 2727 736 2794 λύσειε
756 2726 814 2806 τώς
828 2726 963 2805 σπονδὰς
983 2726 1041 2807 τώς
1061 2724 1140 2815 πρὸς
1161 2724 1277 2813 αδτδν,
1298 2725 1393 2794 nais5

274 2912 344 2965 Tum
357 2913 431 2967 illico
446 2912 571 2966 custodes
586 2913 688 2981 palatio
704 2913 850 2982 apposuit,
869 2892 1028 2986 tutatusque
1044 2920 1086 2969 est
1108 2910 1253 2984 diligenter
1267 2911 1350 2966 secit-

273 3001 328 3059 que
345 2985 445 3045 omnia,
464 3000 534 3056 quae
551 3001 636 3054 nepos
654 2986 834 3037 consuluerat

343 3056 385 3110 58.
422 3055 572 3124 Imperator
591 3055 682 3106 iunior
700 3054 735 3107 ad
757 3053 920 3114 Michaelem
939 3053 1092 3107 Moesorum
1112 3070 1202 3124 regem
1221 3054 1352 3107 Ioannem

207 3146 210 3157 ¹
273 3123 469 3177 Rhuntzerium
483 3125 571 3194 legat:
589 3126 624 3176 Se
638 3125 814 3194 comperisse,
835 3125 923 3194 ipsum
938 3125 967 3175 in
981 3124 1081 3176 finibus
1101 3125 1278 3176 Romanorum
1300 3123 1353 3176 ha-

275 3193 341 3246 bere
357 3195 489 3259 militem3
507 3196 611 3246 nescire
631 3204 739 3257 tamen,
766 3194 834 3266 quid
849 3194 959 3247 tandem
979 3194 1023 3247 sit.
1058 3195 1143 3246 Arete
1161 3194 1243 3265 igitur
1262 3211 1353 3258 nosse,

276 3280 321 3323 nu,
336 3273 416 3331 rupto
433 3262 669 3327 sasimensium
686 3265 740 3317 sibi
757 3266 884 3328 intentet,
905 3272 937 3316 ut
951 3265 1076 3320 similiter
1089 3281 1118 3317 se
1134 3273 1277 3334 comparet
1302 3264 1352 3317 Sin

277 3332 359 3383 aliam
377 3332 412 3384 ob
429 3350 533 3385 eausam
550 3343 673 3404 suscepta
693 3335 730 3389 sit
743 3335 898 3403 expeditio,
916 3352 945 3387 se
958 3334 988 3387 id
1004 3351 1113 3406 quoque
1131 3337 1254 3404 ignorare
1269 3335 1352 3386 nolle.

275 3399 468 3453 Verumtamen
491 3421 550 3454 cum
567 3421 622 3456 non
645 3414 753 3456 vocotus
771 3407 880 3467 veniat,
905 3404 1066 3457 documento
1083 3405 1136 3457 sibi
1158 3422 1234 3469 csse,
1258 3413 1354 3456 contra

276 3487 306 3523 se
320 3473 422 3533 venire,
441 3480 469 3523 et
485 3473 620 3538 Byzantiis
637 3472 762 3526 hostibus
779 3477 844 3539 suis,
858 3474 926 3527 duce
942 3475 1035 3538 Ibrne,
1045 3475 1080 3528 ad
1099 3483 1140 3527 ter
1155 3477 1230 3528 mille
1246 3475 1354 3547 equites
1382 3534 1387 3539 ,

275 3541 381 3593 misisse
409 3541 546 3596 manifesti
576 3540 662 3595 hostis
691 3545 826 3597 indicium
851 3560 917 3596 esse.
958 3546 1178 3606 mentientem,
1207 3544 1354 3617 quomodo,

277 3628 337 3662 cum
356 3610 484 3673 audierit,
506 3629 535 3664 se
554 3612 629 3663 iuxta
650 3614 806 3680 Byzantium
825 3615 939 3676 versari,
967 3617 1078 3668 interim
1092 3624 1196 3668 tantum
1213 3630 1356 3667 numerum

276 3681 434 3734 adversariis
452 3682 508 3732 suis
528 3683 690 3751 opitulatum
706 3685 822 3742 miserit.
856 3684 978 3737 Nescisse
993 3685 1121 3749 forsitan,
1138 3703 1238 3738 senon
1250 3685 1356 3737 exerci-

277 3758 332 3803 tata
351 3753 429 3822 copia
447 3753 476 3803 in
498 3751 577 3803 illum
596 3769 718 3819 usurum,
736 3753 784 3806 sed
807 3755 914 3807 rusticis
935 3757 1073 3826 negotium
1092 3757 1236 3819 daturum,
1262 3755 1310 3827 qui
1328 3754 1356 3809 ei

275 3821 394 3877 reditum
412 3822 611 3886 difficiliorem,
631 3840 712 3893 quam
729 3824 764 3876 ab
786 3825 934 3880 inferorum
952 3827 1036 3895 portis
1056 3826 1185 3879 efficiant.
1213 3826 1286 3878 llaec
1301 3826 1356 3879 im-

297 3901 392 3944 erator.
426 3894 462 3945 As
488 3891 623 3955 michael,
650 3893 698 3945 ubi
724 3911 788 3947 eam
814 3912 899 3965 prope
927 3896 1182 3966 Constantinopolin
1206 3913 1280 3959 csse,
1305 3910 1357 3947 noe

268 3909 358 4029 iunge
373 3962 407 4013 ab
426 3964 546 4015 exercitu
564 3980 614 4016 sno
629 3961 729 4016 distare
742 3982 773 4017 eo
793 3967 876 4031 novit,
894 3983 1002 4018 suorum
1015 3984 1094 4019 causa
1110 3984 1175 4019 sane
1191 3983 1271 4037 quam
1289 3981 1356 4018 eon·

276 4030 417 4093 turbatus,
436 4034 539 4085 nuliam
557 4034 637 4086 aliam
656 4053 729 4105 spem
748 3983 844 4088 saisitis
862 4037 981 4099 videbat,
996 4037 1053 4094 nisi
1071 4054 1150 4109 quam
1168 4037 1307 4099 citissime,
1326 4051 1357 4086 se

180 4160 184 4167 ,
277 4100 373 4167 ¹focius
395 4119 500 4159 servare
519 4112 546 4157 ct
564 4107 655 4177 copias
674 4107 733 4161 illas
754 4125 809 4167 noo
831 4116 924 4163 contro
942 4124 1012 4171 sum,
1030 4105 1078 4165 sed
1096 4109 1177 4169 aliem
1194 4106 1230 4163 ob
1250 4120 1357 4165 ενοιαιιι
