3000 4742
276 212 362 314 304
672 195 954 297 caunacuznur

127 401 189 459 be.
200 390 455 476 ιλυλπολεμίους,
474 388 543 456 ἄλλ’
564 380 683 464 ἔξωθεν
699 382 878 468 ἐπιχειρεῖν,
898 375 966 465 ἅμα
987 373 1102 466 όλίχοις
1122 369 1169 445 ὧν
1187 366 1260 463 ἦγεν
1277 369 1350 444 ὄνέ-

273 502 381 579 βαινεν
393 487 449 556 sui
459 484 497 554 τό
512 494 625 568 τεῖχος,
647 475 676 563 ό,
693 504 726 544 τι
741 478 790 566 εἴη
802 480 841 546 τό
857 480 1000 568 δρώμενα
1018 477 1211 563 βουλόμενος
1221 480 1351 559 μαθεῖν.

243 594 328 663 Cnosi
342 584 436 665 αότός
455 609 488 651 τε
508 580 591 649 ἑάλω
609 581 666 646 καί
685 576 715 644 οἱ
734 578 968 663 συναναβόντες
989 575 1049 643 ὑπό
1071 578 1136 642 τοῖν
1155 572 1350 663 ἐφεστώτων.

271 687 428 778 μαθόντες
448 687 493 766 δὲ,
514 678 566 747 ὅτι
594 678 691 756 αὐτὸς
712 670 784 762 ι’ίχοι
803 675 860 763 τὴν
879 675 1027 764 στρατιόν
1037 727 1048 758 ,
1079 683 1145 753 τοῖς
1170 672 1255 739 κάτω
1276 674 1348 739 ἒπε-

273 788 399 880 φιόνουν
418 783 556 850 όιιείκειν
574 782 630 846 καί
646 775 691 862 με)
705 778 921 843 ἄνθιστασθαι
940 778 984 866 τῷ
999 777 1058 864 νέῳ
1078 779 1206 859 βασιλεῖ
1220 764 1368 858 {dude-5

272 885 328 964 τός
348 877 413 951 όντι
431 882 553 964 τειχῶν,
579 873 718 960 μάλιστα
739 876 769 938 δ’
786 867 856 956 ότι,
884 870 940 939 καί
963 875 1021 938 τοῦ
1040 873 1217 960 στρατηγοῦ
1244 864 1350 937 airas

273 979 462 1062 ἑαλωκότος,
491 978 550 1043 ode
569 969 609 1041 όν
628 973 813 1061 διαφύγοιεν
829 969 865 1038 τό
887 973 999 1047 δοῦναι
1016 969 1105 1057 δίκην
1123 973 1158 1048 ἐς
1176 968 1236 1056 τόν
1255 969 1350 1035 aiore-

272 1083 383 1170 ραίαν,
410 1077 467 1144 ἐόν
485 1099 518 1142 τι
536 1074 720 1159 ἐπιχειρῶσι
738 1069 898 1155 βλάπτειν.
918 1070 962 1147 oie
986 1074 1022 1136 cii
1037 1062 1176 1156 ἤκουσαν
1201 1067 1231 1134 oi
1247 1063 1350 1132 adso-

272 1186 348 1262 aar,
379 1172 430 1243 ότι
451 1167 557 1241 αότυόν
581 1169 654 1238 sad
685 1165 859 1255 στρατηγός
877 1165 962 1234 ἑάλω
982 1167 1072 1235 soii
1103 1169 1172 1244 νέος
1200 1163 1350 1251 βασιλευς

271 1275 361 1355 ἐντός
380 1271 428 1361 εἴη
447 1275 581 1356 τειχῶν,
599 1263 830 1353 μεταβαλόντες
849 1260 949 1343 εόθός
967 1262 1130 1353 εόφὴμουν
1149 1290 1182 1331 τε
1203 1261 1259 1331 τόν
1279 1266 1388 1331 νέοντο

272 1377 406 1460 βασιλέα
426 1368 481 1436 καί
498 1373 617 1451 ἕτοιμοι
643 1359 726 1453 ἦσαν
747 1363 957 1452 συναίρεσθαι
975 1362 1015 1429 τό
1038 1361 1167 1435 δυνατοί,
1194 1361 1251 1429 καί
1273 1357 1353 1428 κατὰ

271 1470 307 1540 τό
331 1470 491 1537 ἐπιλοιπον
510 1469 568 1532 τοῦ
592 1468 716 1548 τείχους
738 1457 844 1551 ἧρὲμα
868 1454 929 1549 ἤδη
954 1461 1009 1528 διό
1031 1464 1156 1528 πάντων
1177 1453 1268 1551 ᾔειῆ
1292 1463 1352 1526 τοῦ

272 1571 348 1639 νόου
374 1569 529 1654 βασιλέως
547 1558 701 1653 εὐφημία.
733 1558 752 1628 ό
771 1560 810 1648 δὴ
826 1561 976 1646 βασιλεός
987 1586 1021 1628 τε
1038 1558 1126 1627 aoid
1144 1564 1242 1644 μέγας
1258 1562 1353 1641 ‹iopi-
1470 1554 1474 1559 ’

273 1692 376 1746 στικος
394 1661 575 1746 ἇκυιλοντες,
606 1662 712 1728 οίκέτι
729 1658 855 1747 ἔφασαν
879 1661 946 1726 δεῖν
970 1661 1011 1749 τῇ
1032 1660 1159 1743 κλίμακι
1178 1661 1352 1744 προσέχον-

237 1768 331 1844 Deae
350 1766 637 1850 ταλαιπωρεῖσθαι,
671 1757 753 1825 ἀλλὰ
774 1767 839 1837 τοῖς
864 1758 1004 1843 υἷναβιῖσι
1027 1755 1232 1846 προσέταττόν
1258 1758 1390 1844 σφιοιιὸ

270 1865 330 1944 τός
348 1864 449 1940 πόλος
470 1859 661 1944 όνοιχνόναι.
694 1859 751 1924 καί
764 1855 836 1924 ἐπεί
850 1850 1078 1946 ἀνεῴχθησαν,
1111 1851 1180 1940 ἅμα
1201 1862 1267 1943 τοῖς
1282 1857 1352 1919 ἐπι-

269 1966 391 2038 λοίποις
409 1958 507 2047 εἰσῄει
524 1962 580 2025 καί
597 1955 614 2023 ὅ
638 1953 806 2041 βασιλεὺς,
833 1954 913 2039 μετὰ
931 1952 1047 2043 μικρόν
1072 1957 1107 2022 δὲ
1123 1952 1208 2021 καίό
1231 1974 1353 2040 πρωτο-

272 2058 415 2148 στρότωρ
447 2055 516 2140 ἅμα
538 2054 598 2122 σόν
625 2054 720 2121 παντί
740 2056 867 2140 εἰσῆλθε
890 2056 935 2142 τῷ
960 2057 1092 2145 στρατῷ.
1122 2056 1179 2119 καί
1204 2050 1286 2139 πρός
1311 2047 1351 2117 τό

272 2162 419 2246 βασίλεια
447 2153 550 2222 ἐλθόν
576 2153 685 2231 όνόος
706 2152 875 2238 βασιλεός,
903 2151 960 2219 τόν
985 2156 1120 2237 βασιλέα
1146 2153 1202 2217 καί
1224 2146 1352 2216 πάππον

271 2253 513 2343 προσεκύνησεν,
547 2246 653 2340 εόσπερ
676 2246 717 2337 ἧν
744 2248 819 2328 ἔθος
851 2244 959 2340 crispi,
988 2251 1045 2317 καί
1068 2254 1275 2326 καθεσθέντες
1294 2273 1391 2331 peno

266 2342 367 2441 ’κρόν,
395 2348 642 2439 όπρεσβότερυς
658 2348 810 2435 βασιλευς
834 2344 937 2437 υόστιερ
965 2351 1020 2416 ἐπί
1040 2359 1107 2426 τοῖς
1126 2350 1268 2433 συμβᾶσα
1294 2372 1352 2412 κα-

271 2446 513 2539 ταμεμφόμενος
537 2443 668 2533 ἑαυτὸν,
708 2451 893 2535 μεμνῆσθαι
921 2446 1006 2533 ἔλεγε
1029 2451 1133 2524 καλῶς
1163 2449 1225 2513 τῶν
1251 2446 1351 2529 λόγων

271 2553 334 2629 τεόν
356 2547 702 2631 αότοῦ,ἀίνιττόμενος
723 2544 766 2623 ὥς
783 2544 822 2612 τό
842 2548 988 2633 λυσιτελῆ
1005 2544 1060 2612 καί
1081 2548 1192 2611 δέοντα
1209 2549 1351 2627 συμβου-

273 2645 397 2714 λεόοντι
416 2647 475 2711 odas
492 2645 635 2714 ἐπειθετο
652 2640 750 2735 odaei.
778 2646 812 2724 ἐξ
832 2647 935 2733 ἀρχῆς
949 2645 1059 2730 μέντοι
1075 2642 1146 2730 ἴσην
1169 2643 1226 2709 καί
1241 2640 1352 2725 ὁμοίαν

273 2797 342 2854 quos
359 2780 451 2846 (inxit,
469 2747 499 2835 in
515 2799 623 2835 murum
642 2779 781 2846 aseendit,
803 2781 898 2835 volens
916 2798 1028 2836 noscere
1049 2780 1118 2854 quid
1136 2786 1267 2850 ageretur.
1296 2777 1350 2831 Ca·

271 2862 335 2939 ptus
353 2860 501 2907 essentem
519 2854 577 2938 ipse
595 2869 656 2905 cnm
679 2852 770 2914 sociis,
783 2853 837 2936 ⁸qul
855 2853 937 2936 simpl
958 2851 1155 2915 ascenderunt,
1181 2850 1216 2901 ab
1243 2850 1277 2902 lie
1301 2850 1350 2935 spui

272 2940 325 2976 sam
343 2939 424 2993 super
438 2940 515 2985 muro
531 2922 697 2975 visebantur.
734 2921 791 2990 Qui
808 2929 840 2973 ut
855 2921 1021 2984 didicerunt,
1041 2923 1131 2991 ipsum
1151 2937 1211 2973 cum
1229 2928 1351 2972 exercitu

273 2992 377 3055 adesse,
405 3000 554 3064 coeperunt
572 2994 719 3045 acclamare
736 2990 790 3052 bis.
815 2994 863 3063 qui
886 2990 976 3044 adbuc
998 2992 1069 3044 inira
1092 2998 1187 3054 erant,
1213 2988 1352 3053 cederent,

273 3080 326 3115 nee
344 3071 526 3133 repugnarent
542 3063 716 3132 imperatori,
737 3064 786 3133 qui
804 3063 859 3114 iam
877 3064 949 3115 iutra
966 3079 1055 3114 muros
1076 3070 1164 3128 esset3
1193 3064 1352 3129 praesertim

274 3130 343 3184 duce
362 3132 415 3184 iam
433 3150 526 3185 eorum
543 3141 637 3202 capto:
660 3133 807 3185 nonenim
826 3132 872 3186 die
892 3133 1007 3184 crastina
1026 3149 1142 3202 poenam
1162 3131 1309 3193 vitaturos,
1327 3132 1352 3183 si

275 3200 344 3271 quid
361 3199 462 3254 hostile
480 3200 622 3259 auderent.
658 3202 721 3271 Qua
743 3219 810 3255 voce
835 3204 962 3255 commoti
988 3202 1107 3267 inserui,
1130 3203 1219 3253 statim
1240 3201 1351 3253 mutatis

274 3270 381 3333 animis,
398 3273 555 3341 imperatori
573 3272 670 3327 faustis
686 3272 924 3326 acclamationibus
942 3272 1067 3342 gratulati
1086 3279 1163 3336 sunt,
1180 3273 1268 3339 parati
1287 3287 1351 3322 eum

274 3338 400 3393 adiuvare
428 3349 560 3412 quantum
580 3349 706 3410 possent:
734 3344 861 3413 serpebat
881 3360 916 3395 ue
938 3358 989 3412 per
1011 3343 1116 3414 reliqua
1143 3340 1252 3392 moenia
1279 3342 1352 3392 inter

275 3409 379 3462 milites
396 3411 425 3462 in
442 3411 634 3480 imperatorem
651 3412 724 3464 laeta
744 3415 911 3468 acclamatio.
947 3411 1029 3481 Quod
1048 3413 1105 3482 ipse
1125 3420 1153 3463 et
1169 3427 1213 3462 sna
1250 3428 1281 3461 us
1300 3408 1352 3460 do-

276 3481 404 3532 mesticus
423 3478 580 3545 audientes,
602 3497 659 3533 non
677 3481 731 3532 iam
756 3484 834 3535 scalis
850 3482 987 3536 haerendo
1015 3480 1194 3537 laborandum
1232 3477 1352 3543 ioebang

274 3556 304 3632 et
321 3548 417 3618 utqui
435 3550 612 3633 ascenderant
631 3558 723 3670 portas
742 3560 901 3637 reserarent,
918 3551 1128 3609 succlamabant.
1147 3549 1256 3621 Quibus
1271 3565 1354 3620 aper-

273 3625 329 3682 us,
355 3635 416 3670 enm
440 3618 546 3690 reliquo
570 3636 630 3689 agur
643 3635 677 3670 ue
694 3621 819 3674 introivit
844 3631 998 3691 imperator,
1020 3622 1157 3692 pauloque
1175 3627 1239 3689 post
1254 3626 1351 3690 proto-

247 3758 251 3767 .
275 3696 375 3741 arator
391 3705 452 3740 cum
465 3696 525 3742 toto
535 3690 584 3758 qui
601 3687 721 3740 restabat
737 3691 866 3743 exercitu.
884 3694 1037 3763 Progressus
1054 3690 1089 3743 ad
1106 3691 1239 3762 palatium
1256 3706 1352 3760 nepos,

274 3773 354 3809 avom
371 3766 501 3811 consueto
513 3772 589 3810 more
605 3757 813 3813 venerabundus
823 3761 961 3829 salutavitp
980 3771 1008 3815 et
1025 3779 1084 3815 cum
1104 3760 1273 3832 aliquamdiu
1285 3776 1353 3812 con-

274 3825 425 3893 sedissent,
442 3844 507 3881 avue
532 3828 608 3880 velut
630 3835 742 3899 propter
760 3846 801 3893 ea,
825 3849 896 3903 quae
918 3831 1081 3895 acciderant,
1100 3841 1186 3886 semet
1212 3828 1351 3892 incusans,

273 3895 392 3952 benere
415 3900 573 3954 meminisse
594 3896 686 3951 aiebat
709 3899 852 3955 verborum
869 3902 945 3966 eius,
962 3904 1090 3966 innuens,
1109 3919 1138 3955 se
1156 3902 1237 3955 utilia
1256 3909 1284 3954 et
1300 3918 1352 3953 ne-

274 3969 390 4020 cessaria
408 3968 533 4023 suadenti
551 3985 607 4022 non
630 3967 838 4041 obtemperasse.
864 3970 908 4026 Ab
919 3972 1000 4026 initio
1019 3980 1110 4026 autem
1126 3970 1199 4025 idem
1219 3978 1248 4024 et
1262 3970 1353 4023 simile

274 4051 381 4106 semper
406 4037 517 4093 diabolo
536 4055 597 4093 esse
619 4039 741 4093 studium
765 4040 883 4096 nocendi
908 4040 1083 4109 hominibus,
1110 4058 1202 4114 sempe
1236 4057 1271 4095 ue
1289 4056 1352 4093 eum

273 4105 444 4165 malefacere.
478 4109 514 4165 Et
536 4125 597 4165 oum
618 4109 729 4166 anans
754 4111 962 4185 decipiuntque
987 4112 1108 4185 saepius,
1130 4113 1162 4170 in
1186 4129 1224 4186 qu
1256 4110 1351 4165 undam
