3000 4742
476 317 757 385 msrouuuur
785 323 822 384 u
841 324 892 394 ον.
1146 294 1231 424 943

159 479 292 560 peraeae
320 472 375 538 καί
390 472 444 537 διδ
460 476 556 539 τούτο
575 477 642 540 δεῖν
661 469 769 562 ᾠήθην
792 475 856 539 πᾶν
880 471 1000 558 ζήτημα
1019 476 1075 542 καί
1093 469 1299 563 ‹turpino-te.
1312 483 1377 554 1327

159 577 230 638 λίαν
256 575 385 657 ποιῆσαι
407 573 560 657 έκποδούν,
598 579 654 641 καί
674 577 795 655 μᾶλλον
819 581 884 650 τοῖς
912 571 1075 660 ἡμετέροις
1100 578 1238 661 φανῆναι

159 670 306 759 φορτικὸς
320 671 377 735 καί
389 671 542 756 ἐπαχθής,
561 667 673 759 ήπρὸς
686 671 741 738 τὸν
759 671 895 753 πόλεμον
915 669 1016 735 αἰτίοιν
1033 680 1238 756 ποραδχεῖνί*

156 775 286 837 τοιαῦτα
306 774 460 853 βασιλέως
482 773 617 850 εἰπόντος
637 776 695 838 τού
717 776 808 854 νέου,
835 771 865 835 οἱ
884 767 971 856 παρὰ
990 773 1045 836 τοῦ
1066 777 1237 855 πρεσβυτί-

138 881 216 956 5ροο
243 864 471 950 ἀπεσταλμένοι
495 866 653 958 ἀρχιερεῖς
688 875 744 936 καί
777 869 975 955 συγκλητικοὶ
1007 868 1282 951 θαυμοὶσαντεςΒΙ

158 972 214 1053 τῆς
230 968 468 1051 μεγαλοψυχίας
486 966 540 1036 τὸν
554 970 685 1051 βασιλέα
693 974 758 1034 ’καί
768 973 823 1034 τού
836 969 959 1055 σφόδρα
978 962 1061 1034 ούτω
1075 966 1132 1053 τήν
1149 968 1236 1054 εἰρή-

157 1092 214 1151 νην
231 1065 402 1151 αἱρεῖσθαι,
420 1069 514 1154 χάριν
528 1066 769 1153 ὁμολογήσαντες
786 1066 910 1152 πολλήν,
926 1066 1088 1154 χαίροντες
1102 1068 1234 1155 ήτούντο

156 1164 215 1251 τήν
237 1163 384 1229 ἐπάνοδον
401 1168 621 1253 ἐπιτραπῆναι,
643 1169 833 1249 νομίζοντες,
846 1166 890 1242 ούς
913 1163 980 1248 ἅμα
995 1170 1040 1256 τῷ
1060 1164 1100 1230 τοὶ
1114 1190 1235 1250 πεπρα-

157 1268 256 1346 γμένα
271 1264 455 1347 ἀπαγγεῖλαι
465 1271 596 1348 βασιλεῖ
613 1262 742 1347 κύλυμα
754 1260 845 1329 uitio
862 1262 952 1329 ἔσται
971 1268 1011 1353 τῇ
1030 1263 1136 1351 εἰρήνη
1152 1259 1233 1329 τύστε

120 1359 250 1436 ιοείναι.
275 1364 403 1440 έκείνοις
425 1367 485 1446 μέν
502 1358 559 1430 ούν
577 1359 680 1450 ὥσπερ
700 1364 832 1453 ήτούντο
855 1365 1019 1449 ἐπέτρεπεν
1040 1365 1234 1429 ἐπανελθεῖν.

159 1464 202 1526 δι’
225 1461 328 1526 αἰτεῖν
355 1464 390 1527 δὲ
416 1462 492 1550 πρὸς
513 1465 646 1546 βασιλέα
667 1460 720 1528 τὸν
739 1460 864 1527 πάππον
889 1460 1093 1548 έπρεσβεύετο
1117 1458 1233 1526 τοιοίδε·
1267 1548 1270 1554 ἱ

156 1558 232 1645 ,τήν
260 1565 320 1642 μὲν
346 1559 425 1646 έμήν
449 1559 525 1647 πρὸς
547 1559 584 1627 τύ
611 1565 647 1627 σὲ
671 1562 730 1647 τήν
754 1562 927 1642 Ῥωμαίων
957 1558 1041 1644 ἔχειν
1069 1561 1235 1645 ἡγεμονίαν
1313 1623 1317 1629 ,

155 1656 296 1745 σπουδήν
314 1683 349 1722 τε
366 1657 422 1722 καί
439 1658 622 1743 προθυμίαν
636 1653 712 1734 θεύς
724 1683 759 1723 τε
783 1655 848 1723 οἰδε
865 1657 998 1734 καλῶςό
1021 1658 1120 1733 πάντα
1133 1657 1234 1741 εἰδούς,

156 1757 211 1822 κατ’
227 1755 322 1833 αὐτὸς
341 1752 382 1822 ἂν
400 1756 682 1841 ἐπιμαρτυρήσεις.
712 1754 785 1821 ένύν
800 1755 860 1843 χεὶρ
870 1808 881 1839 ,
901 1755 965 1842 εἶχε
984 1758 1178 1841 ἐβουλόμην,
1198 1764 1235 1824 σέ

57 1841 69 1863 ’
118 1862 267 1932 ιόλυπεῖν
287 1860 342 1920 καί
360 1852 438 1919 κατὰ
458 1851 532 1931 τούς
555 1858 721 1942 προτέρους
742 1858 895 1937 πολέμους
913 1851 935 1942 ή
951 1860 1116 1942 συμπάσης
1135 1853 1157 1942 ή
1177 1861 1260 1944 τήςσ

156 1959 297 2032 πλείονος
314 1955 413 2040 ἀρχῆς
438 1961 580 2039 κρατεῖν,
613 1956 670 2019 ούκ
691 1957 831 2040 η’θέλησα
854 1950 943 2037 ἓκύν,
970 1953 1049 2021 οἰλλοὶ
1075 1955 1128 2020 σού
1146 1959 1235 2038 νομί-

156 2057 219 2134 ζων
242 2048 324 2118 εἰναι
344 2054 464 2116 δίκαιον
485 2054 668 2131 ἐξίστασθαι
690 2052 807 2138 ταύτης
826 2046 891 2119 ὄντι
914 2056 1020 2140 πατρί,
1040 2057 1100 2131 ἕως
1113 2047 1154 2120 riu
1178 2078 1234 2119 πε-

154 2154 236 2238 ριῇς,
257 2149 427 2232 δυνάμενος
444 2162 621 2235 κατασχεῖν,
642 2150 855 2239 παρεχώρησα
876 2147 957 2218 ἑκών
976 2149 1066 2218 εἰναι·
1086 2152 1142 2218 καί
1158 2156 1234 2218 τού-

154 2248 189 2316 τύ
206 2273 242 2334 χε
263 2245 320 2314 ούκ
344 2242 420 2314 ἄνευ
438 2250 538 2315 πόνων
557 2250 612 2315 καί
630 2248 793 2317 κινδύνων.
822 2249 958 2339 τῶνγὰρ
979 2250 1039 2316 σύν
1054 2254 1128 2333 ε’μοί
1141 2258 1233 2316 πολε-

114 2351 321 2433 αομουμένων
340 2350 465 2414 πάντων
488 2346 565 2425 τούς
578 2352 639 2432 μέν
654 2349 767 2427 πόνους
782 2349 837 2415 καί
858 2348 934 2425 τούς
951 2350 1113 2425 κινδύνους
1134 2353 1169 2415 έν
1187 2351 1230 2440 τῷ
1299 2387 1303 2394 >

153 2456 299 2530 πολεμεῖν
322 2444 562 2533 ὑφισταμένων,
593 2451 656 2514 τοῖν
677 2441 785 2513 ἄθλων
809 2451 844 2515 δέ
870 2447 927 2514 καί
941 2452 1005 2514 τούν
1025 2452 1127 2535 χεροῖν
1151 2443 1230 2514 εἰπο-

153 2548 375 2632 στερουμένων,
398 2545 450 2611 διὰ
473 2546 509 2613 τὸ
535 2550 601 2629 ε’μδ,
622 2548 683 2612 σού
703 2547 953 2634 προστάττοντος,
972 2548 1072 2624 εύθύς
1095 2541 1230 2630 ἄσμενον

152 2656 270 2730 χωρεῖν
289 2642 367 2730 πρὸς
394 2644 453 2729 τήν
476 2647 600 2732 εἰρήνην
632 2647 687 2710 καί
720 2646 846 2712 πάντων
867 2672 917 2713 σοι
941 2655 1160 2733 παραχωρεῖν,
1184 2638 1230 2711 ὧν

153 2741 321 2826 ἐκτήσαντο
343 2747 435 2810 αὐτοὶ
455 2748 638 2828 κρατοῦντες
650 2746 684 2808 έν
698 2747 743 2834 τῷ
758 2750 898 2834 πολέμῳ,
917 2739 1143 2832 οἷμροτὲροοθεν
1159 2742 1232 2826 έμοί

114 2843 320 2924 ,ὅσυνέβαινε
334 2841 370 2906 τύ
386 2847 603 2931 θορυβεᾶτθαι.
631 2840 675 2925 τύ,
689 2868 722 2908 τε
737 2843 798 2931 γὰρ
818 2846 939 2914 πειθειν
959 2847 1157 2920 καταθέσθαι
1173 2842 1229 2909 τὸν

152 2993 234 3046 etiam
257 2993 358 3046 idcirco
389 2994 575 3066 quaestionem
604 3000 633 3046 et
660 2992 865 3064 ambiguitatem
889 3011 994 3046 omnem
1023 2990 1228 3047 rescindendam

151 3064 262 3132 putavi,
292 3066 439 3134 potiusque
465 3066 531 3115 meis
557 3065 643 3132 gravis
664 3073 691 3116 et
716 3064 902 3116 incommodus
922 3064 1022 3126 videri,
1049 3081 1129 3134 quam
1152 3063 1226 3115 bello

152 3150 243 3186 ansam
256 3133 331 3187 aare
350 3135 433 3186 volui.
478 3136 526 3186 His
545 3134 635 3194 dietis,
658 3135 765 3187 missia
784 3135 891 3186 seniore
911 3136 1030 3203 episcopi
1050 3152 1081 3186 ac
1100 3150 1225 3203 proceres

151 3210 252 3255 tantam
273 3206 357 3256 animi
367 3205 539 3256 altitudinem
554 3203 696 3266 admirati,
713 3213 741 3255 et
756 3203 792 3256 ob
810 3213 866 3257 tam
882 3206 1044 3273 praeclarum
1058 3206 1132 3274 pacis
1148 3204 1226 3256 ‹leri-

152 3272 257 3326 ‹lerium
276 3277 368 3344 gratiis
392 3277 457 3327 actis
477 3274 678 3343 singularibus,
703 3272 804 3325 hilares
827 3273 937 3327 domum
961 3273 1094 3327 redeundi
1118 3277 1224 3327 veniam

150 3345 318 3413 petiverunt,
336 3346 399 3407 rati,
417 3346 498 3396 simul
519 3352 584 3396 acta
596 3360 644 3396 avo
663 3346 871 3408 renuntiassent,
896 3362 990 3415 pacem
1014 3344 1087 3396 nihil
1103 3362 1223 3398 remoru-

150 3420 247 3465 turum.
287 3417 355 3485 Ergo
377 3416 539 3468 seditionem
556 3414 612 3466 illis
637 3414 788 3482 permittit,
814 3422 842 3466 et
861 3414 895 3467 ad
919 3431 996 3467 avum
1016 3413 1084 3468 baec
1110 3416 1224 3468 seranda

150 3485 307 3538 committit:
331 3487 420 3555 Quam
441 3485 563 3537 studiose
583 3493 665 3554 atque
686 3484 800 3554 impigre
814 3485 964 3548 elaborem,
982 3493 1013 3537 nt
1031 3495 1060 3538 tu
1082 3487 1224 3556 priucipa-

150 3561 209 3604 tum
228 3556 376 3608 Romanum
393 3566 504 3618 teneas,
522 3557 595 3607 Deus
614 3556 705 3615 novit,
723 3571 804 3623 quem
818 3553 889 3608 nibil
906 3558 989 3619 lutet,
1010 3562 1038 3607 et
1057 3559 1175 3625 tuipse,
1198 3557 1222 3609 si

148 3625 242 3687 voles,
260 3626 402 3678 testabere.
442 3627 511 3679 Nam
533 3642 592 3677 cum
607 3626 772 3694 potuissem,
789 3625 812 3675 si
833 3626 974 3689 libuisset,
999 3625 1080 3680 bellis
1098 3628 1223 3696 superiu-

149 3695 225 3746 ribus
240 3703 288 3746 aut
304 3704 361 3748 toto
378 3698 491 3766 imperio
507 3705 554 3748 ant
568 3699 671 3748 maiore
686 3696 760 3748 illius
777 3705 854 3764 parte
875 3696 1025 3767 potiundo,
1044 3697 1097 3749 tibi
1114 3715 1222 3749 moero-

149 3780 206 3815 τοττι
215 3761 294 3826 ‹lare'‚
312 3767 389 3822 nolui
407 3769 563 3837 iustumque
582 3768 749 3828 existimavi,
778 3765 830 3818 tibi
847 3783 879 3819 eo
902 3776 933 3820 ut
947 3769 1073 3836 parenti,
1092 3765 1222 3837 quamdiu

125 3833 180 3892 ,in
199 3834 254 3885 rita
279 3851 416 3900 maneres,
441 3836 546 3895 cedere,
584 3835 679 3908 Neque
696 3853 762 3889 vero
787 3838 847 3889 sine
874 3836 1012 3888 laboribus
1037 3838 1222 3910 periculisque

149 3903 226 3955 oesai·
266 3904 333 3957 Cum
356 3908 428 3959 enim
445 3910 644 3960 commilitones
664 3908 717 3957 mei
739 3923 832 3958 omnes
856 3907 924 3958 belli
948 3908 1035 3958 aleam
1062 3925 1092 3958 ae
1113 3907 1222 3961 laboras
1287 3951 1290 3958 .

150 3972 311 4037 subiissent,
329 3979 454 4045 praemiis
470 3987 559 4030 autem
579 3985 606 4028 et
622 3975 772 4028 honoribus
784 3984 925 4038 carerent,
943 3977 1017 4046 quod
1027 3993 1076 4047 ego
1088 3983 1135 4028 tua
1149 3979 1222 4032 iussu

147 4050 271 4103 secutus,
288 4061 380 4111 pacem
393 4047 482 4100 libens
496 4049 688 4117 complecterer
703 4048 813 4116 tibique
833 4047 902 4098 relin
942 4063 1014 4098 erem
1033 4049 1133 4108 omnia,
1179 4066 1221 4100 iae

148 4114 203 4183 ipsi
217 4114 296 4164 armis
314 4118 509 4188 acquisierant,
535 4120 674 4187 utrimque
690 4115 881 4173 conturbabar.
940 4134 981 4167 am
1009 4065 1220 4169 atiducerolllor

147 4182 183 4235 ad
199 4200 272 4235 arma
287 4183 446 4252 deponenda
458 4187 571 4239 difficile
593 4193 667 4248 erat,
685 4203 747 4237 eum
769 4202 799 4238 se
817 4186 887 4238 insta
911 4185 1068 4254 praedicare
1086 4203 1222 4238 assevera-

147 4262 217 4317 rent,
239 4261 267 4306 et
287 4255 315 4306 iu
331 4256 436 4309 hostem
452 4258 491 4310 ire
504 4259 563 4328 leqe
578 4256 677 4309 bellica
691 4272 798 4325 semper
811 4256 986 4325 postularent.
1021 4258 1117 4332 lnritie
1130 4262 1221 4307 autem
