3000 4742
256 201 342 317 3⁶⁰.
654 222 933 306 murionum

104 384 419 463 cenomannense.
449 382 540 446 τοῦτο
557 381 617 461 μὲν
633 368 689 442 σύν
714 372 735 466 ᾗ
757 381 980 466 προσετέτακτο
995 376 1101 463 *drussi
1121 379 1202 445 ιιατιὶ
1228 380 1340 464 τάχος.

250 477 353 546 iiiior
370 483 405 546 δὲ
425 476 510 567 παρὰ
529 475 585 564 τὴν
607 476 769 564 εἰσβολὴν,
797 476 856 564 τὴν
881 476 1031 567 στρατιὰν
1054 469 1127 564 εὗρε
1148 481 1252 546 πᾶσαν
1273 472 1339 565 ἤδη

250 578 437 666 ὡρμημένην
450 575 530 664 πρὸς
547 573 605 653 τὰς
619 574 724 654 πόλεις
739 575 878 664 φεύγειν.
899 575 930 643 οῖ
943 577 1004 665 γὰρ
1021 580 1056 643 εἰι
1077 578 1257 658 Βυζαιτιέιυ
1273 604 1338 664 μη-

250 681 286 745 δὲ
304 677 360 763 τὴν
373 679 408 742 εἰι
421 680 576 762 βασιλέως
594 675 743 741 ἐπάνοδον
760 677 990 763 περιμείναντες
1009 672 1110 744 αύτού
1117 726 1128 757 ,
1148 671 1229 742 ἄλλα
1246 676 1340 758 νομί-

158 770 357 854 uestinum}
373 778 559 860 τεθνηκέναι
573 777 726 859 βασιλέα,
746 772 860 861 σκηνάς
878 798 911 839 τε
926 776 981 840 καί
995 767 1076 840 ἄλλα
1087 769 1147 841 ὅσα
1165 776 1358 862 έπεφέρονῆ

73 870 77 875 ’
246 899 280 943 το
299 875 466 962 α’ράμενοι,
485 877 629 962 έχώρουν
646 874 725 960 πρὸς
740 872 796 952 τοὶς
809 875 973 960 εἰρημένας
989 876 1113 951 πόλεις.
1145 873 1283 961 δρῶντες
1296 877 1336 939 δὲ

149 986 179 1039 V.
194 977 302 1058 178qu
323 973 353 1039 οἱ
378 973 497 1058 λοιποί,
539 968 645 1038 ούκίτι
671 977 778 1055 μένειν
801 973 877 1038 otti
905 972 999 1053 αύτοέ
1023 970 1175 1040 ἐδύναντο
1199 972 1254 1039 dns*
1274 975 1336 1037 cosi

249 1075 480 1160 στρατοπέδου,
504 1074 585 1137 ἄλλοι
605 1075 740 1157 κεκίνητο
759 1064 820 1158 ἤδη
837 1075 925 1139 πᾶσα
940 1069 1021 1159 πρὸς
1036 1070 1140 1159 φυγήν
1153 1072 1174 1160 ἧ
1188 1070 1335 1158 στρατιά.

250 1172 381 1257 ύμίγας
401 1173 436 1237 δέ
454 1175 632 1254 δομέστιιιος
655 1173 689 1237 έν
706 1175 805 1259 δεινῷ
818 1175 880 1254 μέν
903 1171 942 1239 τύ
964 1167 1113 1256 γινόμενα
1130 1174 1337 1239 torostoros·

249 1266 375 1358 ὥρμητο
390 1268 464 1348 τούς
480 1268 622 1358 πρώτους
632 1274 689 1356 τῆς
701 1273 804 1357 φυγῆς
819 1272 1013 1357 ἀρξαμένους
1029 1267 1259 1358 ἀναστρέφειν.
1285 1268 1374 1345 nicio

249 1373 286 1437 δὲ
312 1369 405 1436 υύδὲν
423 1372 486 1434 τῶν
508 1367 723 1455 προσηκόντων
749 1366 842 1453 ἴσχυε
862 1367 1028 1456 πράττειν,
1062 1370 1164 1457 (παῖσα
1186 1365 1247 1455 γὰρ
1271 1359 1334 1461 ἤδη

248 1470 422 1555 κεαινητοῆ
443 1464 603 1555 reputed)
624 1471 689 1533 τιὸν
705 1459 808 1533 ἄλλων
829 1467 999 1553 ἀμελήσας,
1021 1465 1074 1533 dod
1092 1468 1229 1552 σπουδῆς
1248 1468 1333 1532 duot-

245 1577 311 1633 εἴτο
326 1569 428 1653 πάσης
441 1569 497 1631 καί
511 1564 678 1654 φροντίδος
700 1564 759 1651 τὴν
779 1571 935 1649 βασιλέως
958 1565 1134 1653 σωτηρίαν,
1165 1567 1220 1632 καί
1242 1555 1264 1653 ᾗ
1276 1562 1334 1629 τύ-

207 1654 237 1722 b
244 1689 339 1749 χιστα
359 1661 434 1749 εἶχε,
454 1661 606 1751 πρύςέτην
624 1667 779 1749 βασιλέως
795 1664 911 1752 σκηνὴν
929 1664 1043 1750 titos,
1063 1669 1175 1730 τοῦτον
1191 1667 1253 1747 μέν
1272 1657 1333 1746 ούχ

245 1757 345 1853 εὗρεν.
364 1760 459 1852 ἧγύιρ
472 1764 627 1852 θεραπεία
642 1765 662 1851 ἦ
678 1763 753 1854 περί
770 1762 867 1833 αύτύν
883 1763 941 1852 τὴν
957 1767 1018 1848 μέν
1032 1762 1181 1852 στρατιὰν
1197 1755 1258 1848 ἤδη
1271 1764 1377 1836 nat-15

245 1890 307 1932 σαν
319 1862 453 1953 ὁρῶντες
468 1862 653 1950 ὦρμημένην
675 1862 756 1951 πρύς
781 1862 884 1952 φυγὴν
903 1864 959 1930 καί
976 1860 1013 1931 τύ
1033 1861 1242 1951 στρατόπεδον
1259 1859 1336 1948 ἔρη·

133 1958 137 1965 ’
244 1989 306 2046 μον
323 1963 549 2050 καταλειφθὲν,
587 1962 699 2028 τόντε
723 1966 858 2046 βασιλέα
884 1957 1049 2040 ἇδυνύτας
1078 1960 1190 2045 ἔχοντα
1218 1958 1272 2026 dod
1296 1958 1332 2027 τύ

143 2100 151 2112 f
245 2067 371 2151 τραῦμα
390 2065 474 2152 ἵππιρ
487 2065 641 2149 χρῆσθαι,
658 2064 818 2140 δεισαντες
835 2065 910 2149 περί
928 2061 1032 2150 αύτῷ,
1053 2053 1185 2147 ἄραντες
1210 2061 1266 2127 ἐπὶ
1276 2060 1336 2125 τύ-

246 2186 360 2246 πητος,
400 2155 449 2227 ἔνι’
465 2164 527 2227 τῶν
547 2159 794 2247 παρατυχόντων
817 2163 963 2245 ἐνέβαλον
987 2164 1092 2250 λέμβιρ
1117 2159 1172 2226 καί
1192 2159 1335 2224 ἐκέλευον

249 2270 316 2337 τοῖς
330 2261 463 2338 ναύταις
477 2261 521 2337 εἷς
536 2258 716 2338 Βυζάντιον
737 2261 899 2328 ἐλαύνειν.
935 2260 1135 2346 ἀναστρέψας
1158 2259 1193 2325 di
1219 2257 1378 2344 ε’χιύρειπο

247 2361 304 2424 καί
319 2356 415 2433 αύτός
432 2363 478 2434 εἰς
499 2359 713 2445 Φιλοκρὴνην.
745 2361 791 2436 εἷς
807 2361 943 2444 τέτταρα
963 2361 999 2424 δέ
1022 2354 1042 2444 ἦ
1063 2354 1197 2444 στρατιαὶ
1214 2358 1335 2442 διαιρε-

245 2460 356 2540 θεῖσα,
390 2453 426 2521 τὸ
446 2460 505 2538 μὲν
521 2450 618 2542 αὐτῆς
638 2456 799 2544 έχούρησεν
814 2459 859 2533 εἰς
874 2455 1090 2542 Φιλοκρὴνην,
1113 2458 1160 2531 εἰς
1181 2453 1335 2540 Νιιιητιύ-

244 2579 302 2618 του
322 2558 358 2620 δέ
374 2553 410 2621 τύ
427 2554 553 2639 λοιπὸν,
584 2558 630 2632 εἰς
646 2556 821 2641 Λαιαβιζαν
842 2558 878 2623 δέ
894 2554 931 2624 τὸ
945 2557 1047 2643 τρίτον
1052 2608 1063 2639 ,
1094 2559 1150 2621 ιιοιί
1166 2555 1201 2621 τὸ
1219 2558 1334 2640 τέταρ-

244 2674 301 2717 W
317 2655 362 2731 εἷς
375 2651 411 2719 τὸ
430 2654 582 2735 ‘Pultov-
606 2650 768 2744 Ὀρχύνης
787 2658 823 2723 δέ
839 2657 903 2722 τῶν
920 2658 1092 2740 γινομένων
1109 2656 1211 2740 μηδὲν
1228 2653 1334 2734 εἰδούς,

247 2866 318 2916 inari
336 2866 480 2937 omniaque
498 2866 630 2921 confundi
654 2869 772 2921 sineret:
798 2883 834 2921 ne
858 2868 918 2921 sine
940 2865 1066 2920 hostibus
1084 2866 1138 2936 ipsi
1155 2871 1241 2919 semet
1259 2866 1333 2934 ipsos

245 2934 398 3004 perderent
436 2936 487 2988 Ubi
503 2937 538 2990 ad
552 2938 657 2991 aditum
674 2948 821 2991 castrorum
839 2939 924 3002 venit,
940 2938 1028 3008 (venit
1043 2945 1143 3000 antem,
1163 2936 1203 2988 uti
1221 2935 1334 2988 manda-

245 3012 303 3056 tum
319 3013 387 3073 erat,
406 3007 542 3077 festinan)
558 3016 646 3071 totum
662 3010 813 3062 exercitum
829 3008 864 3060 ad
881 3008 910 3061 iu
928 3025 972 3059 sm
987 3008 1019 3060 in
1035 3007 1116 3060 nrbes
1130 3006 1335 3061 incumbentem

245 3075 358 3128 invenit.
395 3076 463 3128 Nam
476 3078 616 3146 Byzantini
630 3096 665 3130 ne
680 3087 837 3149 exspectato
852 3026 963 3150 quidgem
981 3078 1040 3130 eino
1053 3076 1143 3132 reditu
1163 3075 1198 3128 ab
1216 3076 1335 3145 impera-

246 3153 322 3208 tore,
346 3163 427 3217 quem
452 3147 554 3201 obiisse
577 3149 734 3218 putabant,
761 3149 944 3202 tabernaculis
968 3165 1028 3200 cum
1054 3148 1127 3200 oanni
1152 3147 1334 3199 instrumento

246 3215 376 3277 sublatis,
402 3216 437 3267 ad
464 3217 544 3270 urbes
561 3237 627 3291 quas
644 3218 763 3271 diximus
780 3221 834 3273 iter
860 3219 1043 3289 capessebant„
1090 3218 1152 3288 Quo
1178 3225 1334 3286 conspecto,

246 3285 296 3336 alii
308 3300 343 3335 ne
356 3286 409 3353 ipsi
427 3286 538 3356 quidem
553 3304 661 3341 manere
672 3299 814 3356 poterant:
832 3289 880 3342 sed
900 3290 991 3342 cuncti
1009 3290 1062 3341 iam
1076 3289 1166 3358 fugam
1180 3287 1333 3340 molieban-

246 3363 301 3408 tur.
335 3352 447 3423 Magnus
465 3356 627 3411 domesticus
646 3359 687 3411 rei
705 3359 897 3429 indignitatem
912 3361 1009 3430 iniquo
1025 3377 1118 3430 passus
1136 3359 1238 3427 animo,
1255 3358 1334 3426 prin-

247 3426 321 3493 clpee
340 3423 470 3493 fugitores
488 3426 522 3479 ad
540 3426 703 3481 reditionem
723 3429 853 3482 inducere
870 3428 1018 3481 nitebatur.
1053 3430 1122 3483 Cum
1138 3428 1210 3481 nibil
1224 3427 1335 3480 obtine-

249 3501 300 3553 ret,
318 3492 415 3564 (totum
434 3497 536 3567 quippe
554 3515 648 3566 agmen
665 3500 720 3551 iana
738 3498 874 3553 seditione
892 3496 1036 3567 fervebat)
1052 3500 1157 3571 reliqua
1180 3499 1210 3550 in
1225 3504 1333 3566 postre-

247 3565 298 3617 mis
314 3580 436 3633 ponens,
462 3568 536 3619 omni
555 3566 645 3620 atudio
663 3586 781 3641 curaque
800 3569 965 3623 adsalutem
989 3571 1160 3639 imperatoris
1181 3583 1211 3619 se
1236 3567 1282 3619 dat
1305 3574 1335 3619 et

248 3652 331 3705 quam
348 3635 488 3689 celerrime
502 3643 602 3706 potest,
619 3637 660 3691 ,ad
678 3640 737 3691 eius
755 3638 960 3691 tubernaculum
979 3656 1120 3693 accurrens
1140 3654 1202 3691 enm
1216 3655 1273 3693 non
1289 3654 1335 3689 re·

244 3705 332 3775 perit:
352 3705 426 3776 quod
445 3708 571 3770 ministri,
589 3705 654 3759 dum
669 3710 817 3761 exercitum
829 3708 865 3762 ad
876 3708 904 3760 su
924 3725 967 3759 am
981 3709 1084 3773 esierrl,
1102 3718 1187 3763 castra
1200 3706 1335 3770 decerem,

246 3777 335 3842 ipsum
360 3783 470 3846 propter
496 3778 602 3829 illatum
628 3777 723 3829 vulnus
746 3795 819 3849 equo
845 3725 963 3832 insidere
989 3797 1047 3833 nan
1071 3796 1151 3849 posse
1183 3783 1336 3840 cernerent,

247 3844 306 3896 eius
326 3845 406 3898 saluti
426 3854 596 3908 metuentes,
622 3849 708 3917 tapeti
734 3849 891 3917 impositum
911 3866 943 3901 ac
962 3849 1053 3903 lembo
1071 3850 1144 3915 sorte
1162 3850 1271 3901 fortuna
1288 3863 1336 3899 oc·

247 3915 365 3967 errarenti
390 3916 540 3983 creditum,
576 3917 834 3989 Constantinopolin
852 3918 1055 3990 pervehendum
1073 3926 1237 3973 curaverant
1281 3919 1336 3969 bc-

245 4002 337 4036 versus
361 3988 420 4055 ipse
446 4006 557 4060 quoque
572 3988 750 4043 Philocrenen
765 3991 906 4047 concessit.
941 3992 975 4043 In
992 3998 1108 4061 quatuor
1125 3998 1216 4043 autem
1231 3988 1339 4058 agmina

248 4053 342 4107 divisio
366 4057 518 4122 militibus,
543 4076 628 4113 unum
653 4059 844 4123 Philocrenen‚
872 4062 988 4116 alterum
1017 4059 1201 4122 Nicetium,
1225 4059 1336 4111 tertium

137 4126 143 4137 '
248 4126 430 4193 Diacibizam,
461 4138 587 4201 quartum
604 4128 741 4188 libitzium
762 4129 895 4190 discessit.
937 4129 1076 4186 ormano
1099 4130 1335 4188 troarnensium
