3000 4742
479 331 761 394 ursaonrnnnu
790 334 831 394 ιι.
854 327 906 395 25.
1151 304 1231 408 451

156 475 235 550 issa
255 506 290 550 τε
314 480 452 564 μάλιστα
473 485 649 566 πολισματα
676 486 952 571 προσεποιήσατο,
979 484 1036 551 καί
1054 488 1304 573 Καστορίανλα
1318 504 1382 560 ι33ο

155 583 243 650 πόλιν
261 581 398 668 μεγάλην
419 581 499 649 κατοὶ
527 582 585 670 τὴν
610 586 768 649 Βοτιαίαν
786 582 970 673 ᾠκισμένην.
1008 589 1176 676 πυθομένῳ
1202 588 1239 654 δέ

152 689 281 767 βασιλεῖ
320 676 380 747 ὅσα
416 680 495 748 κατοὶ
532 683 589 768 την
620 678 756 767 ἑσπέραν
791 682 965 772 Σοργιάννη
1009 683 1238 771 νεωτερισθείη,

152 784 281 868 ἠρεμεῖν
296 784 354 846 οὔκ
378 773 439 866 ἧν,
468 784 536 847 ἀλλ’
553 784 587 847 έκ
608 785 789 862 Βυζαντίου
804 784 850 857 εἰς
868 781 1100 866 Διδυμότειχον
1124 783 1239 869 citos,

134 883 298 965 5συνέλεγε
320 878 379 966 την
413 880 562 967 στρατιὰν
569 933 580 964 ,
618 881 661 958 σός
687 885 733 957 εἰς
758 879 816 968 τὴν
841 878 979 969 ἑσπέραν
999 880 1239 970 έκοτρατεόσων.

235 983 281 1045 κέ.
318 979 572 1064 Ἀσχολουμένου
592 984 628 1046 δὲ
648 982 747 1046 αὐτοῦ
762 981 837 1067 περὶ
855 986 913 1047 τοῦ
928 978 1160 1066 στρατεύματος
1181 980 1327 1066 mismo

154 1076 325 1164 συλλογὴν,
362 1077 549 1165 Σφραντζης
580 1076 839 1164 ὅΠαλαιολόγος
867 1084 928 1147 τῶν
946 1083 1159 1166 συγκλητικῶν
1178 1076 1329 1163 sigum

155 1178 194 1241 οδ
215 1179 297 1241 πάνυ
319 1180 354 1242 δὲ
375 1180 439 1242 τῶν
458 1178 508 1242 ἐπ’
527 1173 666 1268 εδγενείρι
688 1182 964 1263 λαμπρυνομένων,
981 1185 1110 1263 βασιλεῖ
1122 1175 1261 1254 νυκτόςΒ

156 1272 351 1360 προσελθών,
380 1282 658 1363 προσκεκρουκέναι
678 1301 711 1342 τε
732 1274 883 1359 αόμολόγει
905 1276 1072 1343 πολλοὶκαῖ
1090 1275 1177 1363 δίκης
1197 1270 1236 1342 c's'-

120 1374 220 1454 ιοξια,
242 1370 424 1458 συγγνώμης
443 1399 478 1439 τε
498 1376 553 1440 καί
572 1376 749 1462 εὐεργεσίας
769 1375 844 1440 ἄνθ’
865 1367 909 1441 ὧν
929 1373 994 1440 ἔδει
1012 1384 1118 1457 τυχεῖν
1137 1401 1236 1458 τιμω-

154 1473 250 1554 ριῶν.
284 1471 358 1536 ἀνθ’
377 1462 424 1539 ὧν
441 1472 617 1557 βούλεσθαι
637 1477 696 1558 μὲν
715 1473 771 1539 καί
789 1472 887 1539 αὐτόν
915 1477 971 1539 καί
1000 1466 1251 1560 πραθυμεῖσθαα

154 1563 243 1649 ἄξιον
271 1573 410 1658 φανῆναι
438 1577 495 1659 τῆς
524 1569 705 1661 εόεργεσίας
731 1573 787 1639 καί
811 1568 994 1658 εόγνοόμονα
1015 1573 1088 1660 περί
1105 1571 1162 1638 τόν
1181 1570 1237 1637 oii-

153 1692 215 1744 τως
236 1667 358 1751 οἷγαθὸν
379 1671 545 1757 δεσπότην·
565 1675 679 1759 καιροῦ
699 1674 734 1737 δὲ
753 1671 799 1758 μη
821 1668 1046 1759 παρασχόντος,
1066 1672 1162 1756 οἶτελῆ
1180 1675 1238 1753 μέ·

152 1791 209 1853 χρι
231 1772 289 1834 νῦν
308 1769 551 1837 καταλείπεσθαι
571 1770 627 1856 την
646 1772 846 1858 προθυμίαν·
867 1771 939 1839 νυνί
957 1774 994 1838 δὲ
1014 1772 1154 1854 μάλιστα
1175 1774 1238 1836 τῶν

119 1868 347 1955 ιόπραγμότιον
368 1870 552 1937 ἐνδιδόντων
571 1875 627 1937 καί
657 1874 812 1955 δεομένων
841 1866 942 1939 εὔνων
967 1874 1094 1938 οἰκετῶν
1114 1870 1170 1936 καί
1186 1894 1241 1934 πι-

153 1970 249 2050 στῶν,
270 1964 355 2053 ἥκειν
374 1969 431 2057 καί
450 1965 545 2036 αότδν
564 1968 644 2057 πρός
662 1970 718 2037 τὸν
739 1968 819 2037 κατοὶ
840 1969 1016 2057 Συργιοὶννη
1038 1968 1171 2052 πόλεμον
1191 1971 1240 2033 δι-

150 2063 247 2131 δόντα
276 2062 336 2149 δ,τι
361 2068 506 2153 βούλοιτο
530 2073 675 2157 χρῆσθαι
702 2078 845 2156 βασιλεῖ.
880 2075 1002 2154 ἕτοιμον
1035 2073 1071 2135 δὲ
1092 2065 1173 2135 εἶναι
1193 2073 1265 2153 μηὊ

145 2163 251 2247 μόνον
270 2167 378 2243 πόνοις
397 2174 521 2247 πολλοῖς
541 2174 598 2235 καί
615 2171 780 2261 προθυμία
809 2176 866 2238 καί
893 2174 1034 2261 σπουδῇ,
1076 2166 1157 2236 citt&
1185 2167 1242 2233 καὶ

148 2268 266 2347 αἵματι
286 2269 331 2354 regi
351 2269 492 2358 σφετέρῳ
522 2264 770 2353 ἀλλαττόμενον,
800 2269 1077 2356 καταπράττεσθαι
1097 2266 1137 2334 τοὶ
1158 2270 1240 2332 κατὰ

109 2365 279 2450 αογνοὸμην
293 2372 426 2447 βασιλεῖ.
446 2368 598 2451 βασιλεῦς
615 2370 650 2434 δέ
669 2373 765 2451 ,,Τιόν
778 2362 839 2452 μὲν
855 2371 1015 2455 προτέρων
1030 2371 1119 2434 ἕνεκα
1136 2364 1242 2452 ἆμαρ·

149 2466 320 2549 τημάτων”
332 2463 395 2551 ἔφη
408 2468 532 2547 ,,καίτοι
541 2492 577 2551 γε
588 2465 732 2551 μεγάλων
747 2460 856 2550 όντων,
871 2469 1031 2553 μηδεμιλιν
1043 2462 1123 2533 εἶναι
1138 2465 1241 2530 δίκαι·

152 2586 185 2626 ον
208 2562 395 2648 παραίτησιν
415 2570 577 2631 ποιεῖσθαι
598 2569 664 2648 νῦν,
685 2569 720 2632 έκ
740 2568 857 2631 πολλοῦ
876 2568 1152 2651 συνεγνωσμένων·
1183 2557 1241 2627 εδ·

152 2664 243 2736 νοιάς
262 2664 297 2726 δὲ
316 2666 417 2729 ἕνεκεν
436 2668 491 2751 τῆς
510 2664 592 2753 πρός
612 2660 709 2732 αδτόν
728 2667 879 2753 πράττειν
902 2669 966 2731 τῶν
985 2661 1118 2730 δεόντων
1135 2688 1167 2730 τι
1187 2662 1243 2729 καί

158 2836 334 2892 vehementer
352 2842 508 2895 nociturum
526 2859 585 2895 sese
604 2842 747 2912 sperabat,
774 2840 848 2894 haud
866 2843 962 2894 nolens
980 2841 1116 2908 suscepit:
1136 2848 1242 2893 etcum

156 2918 249 2961 cetera
267 2907 541 2964 honorificentissime
557 2914 634 2966 illum
655 2914 791 2976 tractavit,
804 2920 860 2963 tum
881 2912 1031 2965 exercitum
1049 2912 1075 2962 ei
1092 2909 1126 2963 ael
1143 2909 1241 2961 subin-

156 2978 257 3049 gandas
275 2982 455 3037 Romanorum
470 2981 550 3036 nrbes
569 2982 703 3035 attribuit
721 2985 790 3053 Ergo
810 2991 838 3035 et
854 2982 908 3035 alia
923 2982 1034 3052 oppida,
1055 2987 1083 3032 et
1095 2978 1245 3033 Castoriam'

157 3051 255 3103 urbem
278 3068 401 3121 magnam
419 3053 545 3105 Botiaeae
557 3054 632 3106 Crali
654 3053 782 3110 subiecit.
800 3054 948 3122 Imperator
963 3052 1118 3121 intelligens
1130 3068 1195 3121 ques
1205 3066 1248 3104 res

157 3139 241 3174 novas
252 3121 413 3191 Syrgiannes
421 3125 450 3174 in
462 3122 604 3176 occidente
613 3123 782 3176 machinatus
797 3132 886 3187 esset,
904 3124 997 3193 quiete
1012 3118 1178 3191 posthabita,
1195 3120 1247 3172 Di-

161 3190 347 3260 dymotichum
359 3192 430 3245 abiit
443 3193 564 3265 illucque
583 3196 730 3247 exercitum
741 3195 772 3246 in
782 3193 951 3246 occidentem
962 3191 1091 3245 ducturus
1101 3189 1247 3245 contraxit.

230 3263 272 3316 25.
309 3263 381 3331 lluic
405 3263 445 3315 rei
473 3261 535 3315 (lum
560 3263 695 3334 impendit
721 3281 849 3333 operam,
874 3261 1024 3332 Sphranzes
1051 3262 1247 3331 Palaeologua,

162 3350 231 3385 nnus
244 3350 277 3384 cx
293 3333 490 3403 optimatibus,
508 3334 616 3386 nonita
631 3337 794 3405 conspicuus
808 3350 922 3404 genere,
941 3332 975 3386 ad
990 3335 1180 3403 imperatorem
1193 3348 1246 3383 no-

162 3411 204 3453 ete
219 3402 290 3466 adit,
311 3405 398 3456 multa
414 3420 443 3457 se
456 3404 487 3454 in
504 3421 566 3455 enm
579 3405 684 3474 piacula
705 3404 846 3457 admisisse
864 3404 1021 3457 confitetur:
1040 3421 1089 3472 pro
1105 3402 1139 3454 iis
1155 3409 1247 3454 tamen

161 3473 269 3523 veniam
288 3473 369 3527 abeo
388 3483 563 3528 consecutum
579 3483 607 3526 et
621 3474 763 3527 beneficiis
781 3483 899 3527 anctum.
934 3473 1068 3544 Quocirca
1085 3491 1114 3526 se
1127 3472 1246 3525 vicissim

159 3541 232 3594 velle
242 3551 270 3593 et
279 3548 377 3612 gestire
391 3544 534 3598 beneficiis
548 3543 660 3614 dignum
676 3552 705 3597 et
715 3562 778 3615 erga
787 3551 842 3596 tam
852 3544 955 3597 bonum
970 3544 1113 3598 dominum
1130 3560 1185 3594 non
1200 3547 1248 3593 in-

161 3620 265 3679 gratum
288 3614 382 3669 videri.
419 3614 493 3687 Quia
512 3632 578 3671 vero
601 3613 731 3667 hactenus
750 3617 857 3668 occasio
874 3613 1008 3679 defuerit,
1026 3621 1180 3684 promptam
1197 3626 1246 3663 vo·

159 3680 293 3747 luntatem
311 3685 453 3758 hucusque
470 3688 567 3739 effectu
585 3686 718 3738 carnisse:
743 3702 823 3808 (ρυκια
839 3703 898 3737 cum
911 3703 985 3738 nnnc
1004 3702 1046 3737 res
1066 3686 1141 3753 ipsae
1156 3682 1247 3751 porri-

159 3760 235 3821 gant,
254 3754 439 3828 ministrisque
455 3756 583 3810 fidelibus
598 3774 630 3807 ac
648 3756 753 3808 benere
766 3756 788 3807 is
803 3755 860 3809 indi
880 3764 957 3820 eant,
974 3756 1068 3807 venire
1084 3769 1246 3824 aequoque,

161 3823 261 3893 suique
284 3823 318 3875 ad
332 3824 436 3878 bellum
453 3836 548 3880 contra
562 3827 737 3898 Syrgiannem
757 3844 807 3897 pro
831 3774 945 3879 afflictio
958 3824 1070 3888 utendi,
1090 3822 1247 3899 imperatori

160 3901 327 3963 potestatem
346 3895 432 3949 lacere
450 3905 478 3949 et
496 3906 621 3966 paratum
641 3914 709 3957 csse,
726 3915 782 3950 non
804 3898 891 3950 solum
907 3896 1000 3947 multis
1017 3893 1179 3959 laboribus,
1202 3892 1247 3945 id-

183 3980 217 4014 ue
235 3981 296 4017 cum
307 3965 381 4016 omni
397 3967 534 4020 alacritate
549 3977 576 4021 et
586 3985 667 4039 quam
679 3966 890 4029 studiosissime,
907 3967 1093 4021 verumetiam
1109 3982 1168 4017 cum
1181 3983 1247 4034 pro·

162 3981 434 4104 insinnesangninis,
454 4036 527 4106 qnosl
545 4039 588 4091 illi
612 4037 737 4108 placeat,
762 4038 880 4094 efficere.
921 4035 958 4087 lt
977 4037 1143 4105 imperator,
1169 4037 1246 4104 prio·

163 4121 222 4154 runs
242 4105 353 4174 quidem
368 4105 527 4159 delictorum
563 4125 707 4179 numquam
729 4107 889 4178 grandium,
908 4123 982 4158 nunc
995 4106 1103 4158 veniam
1117 4107 1175 4176 peti
1189 4123 1246 4158 non

163 4172 280 4247 dehere,
319 4176 534 4243 uaeiampridem
551 4195 609 4248 spsc
626 4180 770 4247 ignoverit.
818 4178 867 4230 Pro
888 4179 940 4231 isto
958 4184 1050 4228 antem
1068 4177 1138 4228 inse
1154 4176 1245 4239 animo

163 4261 262 4314 cupere
280 4262 311 4298 vc
334 4247 515 4299 amentissime
536 4249 677 4319 quippiam
702 4249 733 4301 in
756 4265 818 4300 eum
842 4246 927 4333 oflicii
950 4246 1090 4301 conferre:
1115 4242 1190 4318 quod
1215 4243 1246 4297 in
