3000 4742
506 296 789 363 msronnuuu
818 299 843 360 ι.
872 300 924 367 σε.
1163 264 1268 355 263·

175 447 245 534 άμα
272 452 313 539 ἕρ
339 445 524 528 δπλίζεσθαι
550 446 608 534 τὴν
633 446 786 535 στρατιάν
804 451 843 537 τῇ
862 445 1010 533 σάλπιγγι
1027 448 1171 516 έκέλευσε
1189 451 1395 535 oar-terim

173 554 281 635 μῆναι.
301 547 371 615 ἐπεὶ
387 549 425 612 ’δὲ
444 551 623 634 περεέθεντο
643 547 684 613 τά
705 543 803 631 ὅπλα,
823 546 990 630 ταξάμενοι
1009 547 1052 625 ὥς
1072 549 1106 623 ὃς
1121 549 1249 633 μάχην,

171 644 269 736 ᾔεσαν
298 643 459 729 εδκάσμοος
488 643 556 730 ἅμα
582 649 638 712 καί
660 646 740 730 μετά
769 649 867 732 σιγῆς.
887 646 930 723 τάς
945 648 980 711 δὲ
1000 647 1138 729 ἐγένοντο
1159 645 1250 731 &rsit

174 750 305 832 Φερῶν,
326 747 492 830 διαβάντες
510 744 664 828 ποτάμιόν
684 770 715 809 τι
736 740 900 829 λεγόμενον
919 741 1131 827 Λιβοβιστάν,
1160 743 1250 831 ἔστη·

150 853 232 917 ὅσον
258 847 528 929 παρατεταγμένοι
556 844 599 921 τάς
633 852 698 920 τοῖς
734 846 887 920 ἐναντίοις
915 844 1157 933 συμραλοάντες.
1196 848 1347 920 suivans

173 942 434 1028 διημερεύσαντες
451 944 531 1026 ἐκεῖ,
548 945 618 1007 dues*
634 938 736 1019 οάδείς
750 937 857 1019 adroic
874 944 1116 1027 άντεπεξῆλθεν,
1137 942 1277 1027 impu-13

171 1038 395 1107 τοπεδεάσαετά
414 1065 449 1106 τε
469 1045 525 1107 καί
544 1044 799 1126 διενυκτέρευσαν
826 1045 899 1107 ἐκεῖ.
928 1039 957 1105 οἱ
978 1042 1014 1106 δὲ
1031 1042 1087 1126 τῆς
1105 1036 1251 1126 ἑσπερίου

172 1144 322 1226 στρατιάς
353 1138 505 1224 ἡγεμόνες
542 1139 797 1224 ἐκκλησιάσοντες
828 1144 883 1224 τῆς
913 1139 1010 1225 αδτῆς
1044 1139 1156 1215 νυκτὸς
1184 1136 1252 1222 άμα

176 1242 300 1327 Χρὲλη,
315 1240 370 1326 ’τῷ
405 1242 471 1304 τάν
500 1236 678 1321 συμμάχων
709 1241 873 1323 racemata
898 1240 1077 1326 στρατηγῷ,
1105 1240 1253 1320 έβουλεά-

136 1357 264 1418 ιοοντο,
285 1337 316 1401 εἰ
341 1339 408 1403 δέοι
434 1335 599 1420 μάχεσθαι
623 1342 764 1419 βασιλεῖ·
793 1338 848 1400 καί
873 1333 977 1412 ἔδοξεν
1003 1337 1179 1412 ἀλυσιτελές
1199 1335 1255 1402 κατ’

170 1431 341 1517 Ῥωμαίοις
369 1434 425 1501 καί
447 1447 514 1511 τοῖς
541 1434 731 1517 συμμάχοις.
760 1431 859 1520 ἡγὰρ
881 1434 1014 1513 meatur
1032 1436 1123 1522 καάῆ
1149 1435 1252 1522 σιωπὴ

171 1537 228 1600 καί
245 1534 264 1621 ἦ
286 1526 436 1621 καρτερίαι
455 1539 508 1620 τῆς
528 1537 681 1618 βασιλέως
701 1536 847 1619 στρατιάς
861 1535 930 1609 δέος
950 1526 1057 1607 αὗτοῖς
1076 1534 1115 1597 οδ
1141 1537 1251 1620 μετρί-

172 1658 214 1710 ως
233 1636 384 1713 ἐνεποίει,
404 1633 450 1709 ὦς
470 1634 528 1696 oda
549 1627 588 1697 δν
608 1633 715 1707 αὐτοῖς
735 1625 836 1708 οὕτως
858 1627 941 1719 ὁρμὴ
969 1633 1105 1716 παρέστη
1137 1633 1248 1713 δαιμο-

176 1733 228 1795 νία
257 1731 381 1796 πλείοσί
403 1754 438 1795 τε
464 1732 628 1813 μάχεσθαι
655 1727 779 1796 ἑαυτῶν
805 1728 860 1794 καί
886 1730 974 1817 παρά
1002 1728 1151 1817 πόλειτῇ
1171 1754 1250 1817 σφε·

128 1832 248 1918 -ιὸτέρᾳ
278 1828 631 1914 στρατοπεδευομένοις,
659 1830 691 1894 εἰ
718 1827 764 1913 μὴ
784 1828 935 1916 πρότερον
952 1823 1037 1894 οὕτω
1055 1828 1280 1915 παρεσκεάα-Ἰ

174 1953 235 1993 σαν
256 1922 404 2008 ἓαυτοάς,
424 1927 469 2003 uic
487 1923 509 2012 ἢ
527 1925 700 2010 νικήσοντες
720 1923 939 2013 μαχόμενοιῆ
956 1927 1143 2009 πεσοάμενοι
1162 1926 1248 2013 παρά

170 2025 231 2108 τὴν
250 2024 366 2110 μάχην.
385 2025 472 2105 ἔδοξε
491 2026 528 2090 δὲ
549 2021 658 2103 αὐτοῖς
685 2032 856 2092 λυσιτελεῖν
862 2077 873 2108 ,
900 2026 1029 2113 τειχήρη
1058 2028 1272 2110 κατέχονταςο

169 2121 230 2207 τὴν
258 2121 426 2209 στρατιάν,
456 2132 608 2211 φρουρεῖν
632 2123 688 2210 τήν
707 2122 796 2189 πάλιν
822 2123 878 2189 καί
894 2124 1061 2208 άπομένειν
1086 2124 1143 2210 τὴν
1162 2129 1252 2189 πολι-

172 2227 303 2307 ορκίαν,
327 2221 371 2298 ὦς
400 2226 457 2287 τοῦ
486 2227 641 2305 βασιλέως
669 2223 707 2286 od
728 2210 968 2308 περιμενοῦντος
988 2225 1154 2305 ένταυθοϊ,
1183 2217 1251 2287 ἄλλ’

131 2324 461 2407 αοέπαναστρέψοντος
478 2324 609 2405 ταχέως.
631 2317 698 2403 άμα
718 2325 754 2386 δὲ
774 2325 814 2411 Segi
835 2323 879 2400 εἰς
894 2320 950 2408 την
969 2323 1139 2410 δστεραίαν
1159 2320 1252 2405 ὄβα-

169 2419 275 2498 σιλεάς
299 2419 357 2505 τὴν
386 2419 538 2506 πρασιάν
568 2418 766 2506 άπλισμὲιην
798 2422 980 2508 παρατάξας
1009 2419 1052 2500 άς
1073 2424 1106 2498 ές
1124 2423 1251 2508 μάχην,

170 2511 247 2604 άχρι
261 2522 452 2603 μεσεμβρίας
478 2517 580 2600 ἔμεινε
608 2516 668 2605 πρὸ
686 2521 748 2585 τάν
768 2523 898 2602 τειχῶν,
927 2519 1061 2599 ἐλπίζων
1090 2524 1124 2597 ές
1141 2519 1251 2606 μάχην

170 2615 428 2700 προκαλέσασθαι
451 2615 524 2695 code
545 2613 642 2683 ἔνδον.
671 2613 715 2695 ὥς
742 2621 779 2683 δὲ
806 2618 912 2694 οάδείς
937 2618 1044 2696 adroic
1064 2614 1249 2702 άετεπεξίοι,

170 2711 225 2780 τδν
244 2720 373 2780 Λουκάν
400 2718 432 2780 Γ
428 2715 557 2799 ειάργιον
580 2717 727 2802 πέπομφε
755 2715 835 2803 πρὸς
854 2712 972 2795 adroic
992 2716 1194 2802 δβασιλεδς,
1214 2722 1268 2805 έν,

131 2814 239 2880 251ko
266 2814 390 2878 οἰκετῶν
416 2815 476 2895 μὲν
507 2806 581 2879 ὅντα
610 2818 674 2880 τῶν
701 2810 818 2899 orituri,
850 2813 975 2882 συνετὸν
1001 2820 1038 2881 δὲ
1068 2809 1176 2901 άλλως,
1197 2816 1253 2882 καί

172 2909 253 2999 πρὸς
280 2915 447 2998 πρεσβείας
473 2910 585 2995 ἔχοντα
612 2913 802 2998 ἐπιτηδείως.
847 2910 884 2980 δν
903 2913 1065 2999 γενόμενον
1084 2911 1253 3000 πρδςταῖς

242 3046 343 3115 dits.
361 3048 444 3119 Intpr.
462 3046 659 3118 Λιβοβιοστδν.
671 3052 732 3105 Eo.
740 3051 769 3104 P.

172 3183 253 3238 quam
281 3182 343 3218 cum
372 3165 453 3218 hoste
478 3169 587 3221 iamiam
616 3168 790 3231 dimicaturi,
817 3185 867 3239 per
891 3168 964 3219 diem
993 3166 1180 3219 constiterunt
1217 3164 1253 3218 Ut

171 3255 253 3289 nemo
274 3245 367 3288 contra
377 3239 454 3299 exiit,
472 3241 565 3290 castris
583 3238 687 3290 ibidem
706 3240 812 3307 positis,
825 3247 933 3291 noctem
954 3237 1098 3295 duxerunt.
1117 3236 1180 3306 Qua
1192 3236 1252 3358 ἰριι

172 3316 253 3359 nocte
271 3308 412 3374 copiarum
431 3308 640 3361 occidentalium
657 3308 758 3371 duces,
789 3309 917 3361 adiuncto
936 3309 1019 3361 etiarn
1037 3306 1135 3360 Chrele
1154 3306 1202 3358 Tri
1224 3324 1253 3357 a·

172 3378 259 3429 lorum
278 3376 406 3442 ductore,
429 3378 464 3430 de
482 3396 571 3449 pugna
589 3377 782 3430 committenda
802 3378 994 3450 disceptarunt
1029 3378 1193 3440 Decretum,
1222 3375 1253 3428 id

171 3464 262 3518 neque
280 3449 424 3511 Romanis,
440 3465 530 3520 neque
548 3451 629 3503 sociis
647 3448 717 3500 benc
731 3466 859 3502 casurum.
884 3449 993 3501 Etenim
1010 3454 1065 3500 tam
1083 3456 1154 3499 ratus
1173 3446 1251 3510 ordo,

172 3517 312 3570 silentium
330 3526 358 3569 et
382 3520 525 3572 tolerantia
553 3519 766 3571 adversariorum
795 3537 850 3571 non
872 3536 984 3590 parvum
1003 3520 1041 3570 eis
1060 3520 1184 3570 timorem
1205 3520 1250 3569 in-

173 3588 295 3641 cutiebat
311 3588 522 3653 arbitrantibus,
541 3608 597 3642 non
617 3598 735 3641 eostam
755 3591 869 3642 mirifico
898 3593 1002 3656 impetu
1021 3589 1054 3641 ad
1075 3587 1250 3659 pugnandum

171 3676 233 3709 cum
257 3660 379 3726 pluribus
406 3670 435 3713 et
455 3678 530 3712 suam
553 3662 672 3728 ipsorum
701 3661 797 3712 urbem
821 3658 1004 3712 insidentibus
1029 3660 1093 3710 ferri
1118 3658 1250 3729 potuisse,

170 3730 201 3780 ui
218 3729 293 3797 prius
314 3746 404 3782 secum
428 3732 509 3802 plane
535 3732 740 3783 constituissent
766 3733 796 3783 in
812 3732 918 3801 proelio
942 3739 989 3783 aut
1006 3732 1114 3781 vincere
1133 3736 1181 3780 aut
1203 3746 1251 3780 oc-

172 3799 307 3850 cumbere.
336 3801 439 3854 Placuit
457 3803 547 3871 igitur,
565 3803 637 3853 intra
655 3818 745 3853 muros
765 3820 793 3854 se
815 3802 972 3863 continere,
990 3799 1085 3851 urbem
1103 3798 1250 3863 custodire,

173 3875 202 3919 et
218 3868 389 3921 obsidionem
407 3873 536 3924 tolerare:
556 3873 627 3923 acsi
645 3872 791 3941 imperator
808 3871 855 3924 diu
874 3873 933 3923 illio
951 3870 1082 3923 haesurus
1100 3887 1157 3923 non
1171 3879 1249 3923 esset.

172 3937 318 4002 Postridie,
327 3949 419 3994 exorta
431 3944 500 4006 lnce,
513 3944 669 4012 imperator,
683 3951 784 3995 armato
799 3951 827 3994 et
844 3941 977 4011 disposito
991 3943 1071 4010 quusi
1083 3940 1117 3993 ad
1135 3957 1251 4012 pugnam

170 4009 277 4072 milite,
303 4008 337 4060 ad
356 4013 496 4065 meridiem
519 4030 606 4084 usquc
630 4029 678 4082 spe
694 4014 780 4065 bostis
807 4010 936 4064 eliciendi
963 4020 1026 4062 ante
1050 4028 1140 4064 muros
1158 4028 1251 4081 perse·

169 4087 254 4130 verat.
291 4079 371 4132 Nullo
389 4081 557 4148 prodeunte,
576 4083 675 4135 Lucam
694 4083 840 4151 Georgium
858 4081 893 4132 de
912 4079 1091 4133 familiaribus
1110 4082 1251 4141 ministris,

169 4151 258 4200 virum
279 4156 366 4200 catum
386 4158 415 4201 et
437 4152 618 4221 legationibus
644 4153 780 4205 obeundis
801 4151 929 4204 idoneum
952 4151 986 4204 ad
1015 4169 1061 4204 cos
1080 4152 1173 4202 urittit.
1209 4148 1251 4200 Ad

88 4233 94 4251 ‘
169 4229 276 4293 portam
296 4228 328 4272 ut
339 4224 468 4286 accessit,
484 4239 545 4292 pars
557 4224 795 4277 intromittendum
813 4222 913 4285 dicere,
931 4238 992 4292 pars
1020 4238 1127 4292 negare.
1146 4220 1251 4273 Tamen

750 4307 762 4329 Ι
