3000 4742
259 271 349 377 σοι
663 204 946 356 usnemun

18 466 19 473 ’
113 452 368 537 mampsis
387 447 516 514 ένέῦναι
531 446 641 532 σχῆμα
658 445 718 532 ὑφ’
730 439 807 510 ῦτου
822 437 865 512 ῦν
883 443 977 528 τῦχοι
995 438 1115 530 πατρὸς
1127 438 1358 524 πνευματικοῦ.

259 550 302 618 οῦ
324 552 356 614 d'
375 544 474 623 αῦτός
493 545 550 610 καί
570 542 631 630 τήν
652 539 761 632 ἀρχὴν
783 547 830 623 εἰς
855 544 950 610 τοῦτο
970 541 1188 630 παρωρμησας
1207 541 1358 625 βασιλέα.

260 650 333 716 τότε
348 651 408 730 μὲν
421 636 513 729 οῦνῆ
533 639 662 730 ἅπειρία
679 640 766 729 καὶῆ
784 636 897 728 ὅμοια
915 636 1120 731 παρῃτήσατό
1139 663 1175 706 σε
1191 637 1238 725 μὴ
1250 639 1358 713 κακῶς

88 712 118 791 J
236 753 391 823 Βπαβεῑν·
432 740 474 811 ἂν
497 747 529 809 δ’
554 737 652 821 αὖθις
677 754 745 822 τοῖς
764 744 873 820 σῦτοῖς
894 735 917 829 ἢ
937 742 995 808 καί
1013 747 1157 829 χείροσιν
1182 738 1356 825 ἐπιχειρῇς,

258 848 329 917 ἴσθι
347 844 393 933 μη
412 838 489 911 ῦνεο
504 849 659 932 τιμωρίας
675 838 876 924 ἀπαλλάξων.
898 845 1040 930 ,πρῶτον
1056 844 1126 924 μέν
1145 837 1206 926 γὰρ
1234 838 1294 903 οῦκ
1317 840 1376 915 ἒξό

259 951 380 1036 οἷγοριῖς
394 949 480 1012 ἐστιν
501 940 694 1031 ὠνήσασθαι
711 946 862 1028 βασιλέα,
894 934 936 1008 alr
947 944 1005 1007 τοῦ
1024 934 1112 1018 ὄντος
1127 940 1355 1025 ἅποστερηθοῦ-

258 1071 336 1132 μεν,
361 1044 471 1111 ἔπειτα
491 1047 522 1111 εἰ
537 1042 593 1109 καὶ
613 1046 701 1110 τοῦτ’
721 1046 811 1128 ἐξῆν,
843 1037 913 1107 ἄλλ’
928 1041 985 1107 οῦκ
1000 1034 1041 1107 ῦν
1054 1038 1185 1130 τοιούτῳ
1200 1063 1235 1125 γε
1249 1035 1355 1105 ένετῦ-

257 1169 359 1230 χομεν
372 1145 413 1209 τὰ
435 1139 539 1209 πάντα
560 1146 721 1233 βελτίστην.
742 1139 818 1218 τοῦς
836 1138 896 1227 γὰρ
917 1142 1091 1222 μέλλοντας
1104 1136 1258 1223 τοσαύτην
1273 1158 1353 1222 προ-

260 1242 396 1313 στασίαν
414 1241 716 1330 έχχειρισθησεσθαι
734 1240 928 1327 πραγμάτων
953 1237 971 1306 ὅ
991 1238 1032 1306 τοὶ
1048 1240 1153 1307 πάντα
1170 1237 1355 1325 προορώμε·

261 1436 365 1519 ῦλλως
380 1466 433 1527 τε,
452 1441 563 1518 πόσοις
586 1443 651 1507 τῶν
667 1440 826 1527 νοσήμασι
851 1442 968 1518 δεινοῖς
978 1441 1191 1531 παλαιόντων,
1210 1435 1273 1503 aiud
1288 1442 1352 1521 μέν
1481 1470 1482 1549 η

259 1548 323 1611 raia
359 1543 479 1630 ίατρεῦν
510 1542 706 1627 συμβέβηκεν
741 1534 1003 1627 ἇσαγορευθῆναι
1017 1580 1022 1587 ›
1037 1540 1094 1605 καί
1123 1542 1170 1616 εἰς
1204 1534 1285 1603 αῦτὸ
1311 1538 1349 1601 τό

259 1642 399 1727 ἔσχατον
415 1640 528 1706 δοκοῦν
552 1641 777 1726 κατηντηιιέναι
796 1641 855 1726 τῆς
874 1641 966 1725 ζωῆς,
986 1636 1051 1704 ini
1070 1642 1108 1706 dd
1123 1641 1183 1705 τοῦ
1196 1636 1236 1704 τὰ
1251 1637 1354 1702 πάντα

261 1744 500 1825 οἷκονομοῦντος
518 1743 574 1806 καί
588 1738 873 1822 μετασκευάζοντος
891 1731 1093 1827 ᾔβοῦλεται,
1122 1732 1301 1823 ἆνεβίωσῦν
1316 1758 1354 1801 τε
1482 1762 1483 1817 i

238 1834 363 1919 ὓαῦθις
382 1841 439 1904 καί
455 1834 622 1925 ῥαΐσαντες
643 1836 701 1904 οῦκ
725 1836 850 1905 diducas
867 1841 933 1905 τῦν
956 1840 1117 1927 προτέρων
1142 1837 1196 1923 ἔτη
1219 1836 1396 1921 έπεβιλο-ιῦ

260 1966 341 2023 σαν,
369 1937 406 2006 τί
419 1930 476 2004 οῦν
494 1935 685 2021 θαυμαστὸν
690 1990 702 2022 ,
730 1940 763 2004 εί
772 1942 852 2004 θεοῦ
869 1942 1074 2022 βουλομένου,
1094 1941 1229 2005 τοιαῦτα
1247 1960 1355 2023 παρα-

159 2039 192 2096 V·
204 2058 254 2113 ¹99
262 2040 380 2126 πλήσια
404 2036 460 2103 καί
483 2026 539 2102 ἐπί
560 2041 617 2102 τοῦ
638 2036 794 2125 ἡμετέρου
818 2037 1015 2123 συμβήσεται
1037 2040 1210 2121 βασιλέως,
1248 2027 1286 2102 osl
1312 2026 1353 2120 δη
1483 2056 1484 2135 ρ

261 2143 351 2205 ἕνεκα
365 2136 419 2203 σοι’
438 2138 529 2221 λέγω,
549 2136 680 2223 ἠρεμεῖν
694 2136 749 2202 καί
759 2134 805 2223 μή
824 2140 960 2221 βασιλέα
976 2143 1190 2224 παρενοχλεῖν,
1210 2136 1281 2202 ἀλλ’
1297 2137 1354 2224 s’qis'

262 2233 363 2313 οῦτως
389 2233 475 2313 ὅπως
495 2235 563 2319 ἔχει
589 2234 762 2322 σχήματος.
813 2232 874 2303 νῦν
892 2239 952 2321 μέν
970 2234 1043 2313 θεὸς
1063 2234 1239 2319 Ῥωμαίοις
1259 2237 1355 2302 λλεων

262 2337 438 2419 ἐπιβλέψας
444 2383 454 2415 ,
474 2335 530 2401 τὸν
544 2336 696 2422 σφέτερον
712 2333 888 2421 χαρίσηται
901 2339 1044 2419 βασιλέα,
1069 2336 1153 2424 αὐτῷ
1166 2360 1199 2401 τε
1217 2332 1275 2411 τὰς
1294 2337 1395 2403 ‹lu-ao

264 2432 364 2511 νατῦς
387 2432 595 2517 α’ποδώσομεν
609 2428 818 2522 εῦχαριστιας
837 2433 892 2500 καί
905 2432 981 2522 ἡμῖν
998 2436 1106 2512 adroic
1119 2433 1192 2501 ont
1205 2437 1357 2520 μεγίστης

261 2534 412 2617 sicambe
436 2530 496 2618 τὴν
516 2529 625 2618 ῦγείαν
649 2531 844 2618 λογιοῦμεθα
866 2536 1031 2618 βασιλέως
1073 2528 1113 2600 ῦν
1132 2536 1180 2618 d’,
1208 2531 1227 2599 d
1239 2531 1283 2620 pr}
1299 2536 1356 2617 νέ-

260 2654 358 2719 νοιτο,
378 2630 527 2718 κρίμασιν
547 2625 594 2712 οἷς
609 2628 693 2701 οἶδεν
708 2632 827 2720 aalide,
849 2635 885 2702 te
904 2636 969 2703 τιῦν
983 2636 1183 2725 προσκαίρων
1205 2637 1262 2701 καί
1283 2634 1356 2701 ius-

261 2792 388 2847 babitum
403 2799 611 2852 monasticume
627 2796 823 2871 cuiuscumque
837 2796 923 2868 patris
938 2798 1088 2867 spiritualis
1099 2796 1225 2851 manibus
1246 2793 1355 2858 induat,

261 2864 296 2917 ad
315 2864 390 2937 quod
405 2866 483 2918 illum
504 2867 679 2938 iampridem
695 2870 884 2922 exstimulasti.
902 2869 941 2921 Ac
955 2877 1021 2921 tunc
1035 2868 1146 2938 quidem
1163 2867 1239 2941 quod
1255 2883 1356 2937 exper-

261 2942 307 2990 tus
322 2937 378 2990 tale
393 2938 545 3009 quidquam
557 2957 614 2992 non
626 2956 713 3001 esses,
732 2941 974 3010 conditionemque
986 2940 1027 2991 rei
1038 2940 1191 3009 ignorares,
1208 2956 1223 2991 a
1245 2936 1355 3007 suppli·

262 3008 306 3062 cio
319 3007 499 3062 excusabam:
529 3011 553 3062 sl
578 3009 670 3063 denuo
691 3012 834 3082 quippiam
851 3009 1009 3062 huiusmodi
1032 3019 1080 3062 aut
1102 3008 1223 3061 deterius
1247 3005 1356 3080 aliquid

262 3079 415 3142 conabere,
433 3082 502 3132 scito
526 3080 579 3133 tibi
597 3099 653 3134 non
676 3083 715 3133 sic
736 3080 883 3134 abiturum.
920 3081 1037 3135 Primum
1058 3081 1175 3133 enimsi
1199 3079 1253 3131 boc
1267 3080 1356 3147 impe·

262 3157 353 3203 ratorc
374 3149 517 3212 urbemur,
544 3168 601 3203 non
625 3151 736 3204 dabitur
765 3151 846 3204 nobis
864 3154 893 3203 in
913 3151 973 3204 foro
991 3167 1080 3207 rerum
1105 3151 1243 3204 venalium
1263 3163 1356 3201 emere

262 3219 356 3271 alium.
392 3220 482 3289 Atque
500 3226 532 3271 ut
549 3220 670 3285 daretur,
692 3224 721 3273 in
736 3223 830 3287 talem,
850 3223 879 3274 id
896 3230 937 3274 est
951 3221 1116 3274 omnimodis
1130 3222 1277 3291 optimum,
1296 3234 1356 3271 uon

261 3288 424 3341 incidemus.
460 3288 529 3340 Nam
545 3308 659 3361 quorum
672 3293 702 3344 in
719 3309 817 3347 manas
831 3300 938 3344 tanturn
959 3293 1103 3362 imperium
1121 3290 1355 3369 tradendpmest,

262 3374 309 3411 eos
325 3359 417 3410 omnia
429 3359 599 3429 prospiciens
617 3363 691 3415 Deus
711 3378 762 3431 pro
782 3371 841 3416 rata
863 3364 990 3432 portione
1010 3361 1045 3413 ad
1060 3363 1231 3432 principatus
1248 3360 1355 3429 magni·

262 3426 388 3480 tudinem
407 3426 524 3482 condere
539 3439 622 3503 atque
641 3433 898 3502 aptarccansucsit
934 3432 976 3485 Ad
991 3431 1060 3497 boc,
1087 3449 1169 3504 quam
1191 3433 1273 3485 multi
1292 3445 1356 3481 aum

261 3498 423 3568 periculosis
438 3500 540 3552 morbis
553 3502 688 3564 kretantca
700 3510 728 3555 et
744 3502 884 3555 amedicis
892 3502 1029 3572 desperati
1044 3512 1127 3572 atque
1143 3500 1177 3555 sd
1194 3512 1356 3564 extremum,

261 3578 293 3622 ut
310 3568 477 3637 apparebat,
494 3569 611 3624 halitum
633 3573 756 3638 redacti,
775 3573 810 3626 ab
828 3589 861 3625 co
884 3575 933 3643 qui
955 3575 1024 3642 regit
1041 3581 1243 3645 summotasque
1263 3571 1357 3625 omnia

261 3646 345 3709 prout
373 3640 450 3704 vult,
482 3641 635 3711 integritati
659 3644 733 3695 vitae
766 3661 798 3696 ac
826 3642 993 3696 valetudinis
1022 3644 1160 3709 restituti,
1197 3643 1356 3715 praeteritis

261 3711 340 3762 annis
358 3728 414 3763 non
432 3714 575 3781 pauciores
595 3712 825 3782 supervixerunt?
842 3713 921 3765 Nihil
946 3732 1008 3767 ero
1030 3731 1149 3778 novum,
1167 3715 1190 3766 si
1214 3714 1265 3766 Dei
1283 3719 1356 3763 nutu

263 3782 422 3848 imperatori
442 3790 534 3835 nostro
559 3782 631 3834 idem
656 3784 809 3853 contigerit
855 3783 946 3853 Quam
965 3733 1001 3839 cli
1020 3802 1125 3837 causam
1145 3785 1273 3854 praedico
1290 3780 1355 3845 tibi,

263 3852 405 3921 quiescas,
425 3869 476 3905 nec
490 3854 570 3906 illum
586 3854 733 3906 obturbcs:
752 3852 801 3906 sed
823 3851 897 3905 hune
921 3874 1002 3940 quem
1024 3857 1094 3925 gerit
1111 3854 1240 3917 habitumv
1260 3867 1355 3937 perere

262 3920 344 3973 siuas.
381 3924 415 3974 Et
431 3924 579 3995 siquidem
595 3926 669 3977 Deus
687 3926 821 3977 Romanos
835 3927 957 3995 propitio
968 3928 1072 3978 lumine
1088 3925 1246 3995 rcspiciens,
1263 3938 1355 3992 impe·

262 4000 379 4045 retorem
395 3993 451 4045 illis
466 3993 654 4059 redonaverit,
675 4004 702 4047 ct
716 4003 834 4066 quantas
846 4013 923 4049 mens
936 4005 1029 4048 nostra
1044 3997 1116 4066 capit
1129 3996 1227 4067 gratias
1245 4009 1355 4064 agemus

263 4068 294 4114 et
315 4062 460 4114 sanitatem
486 4067 545 4118 eius
570 4068 599 4119 in
621 4068 740 4118 maxima
765 4065 907 4119 felicitatis
922 4073 1006 4187 parte
1031 4065 1246 4122 numerabimus.
1287 4062 1355 4126 Sin,

264 4131 341 4204 quod
355 4132 444 4195 absit,
464 4137 571 4190 occulto
590 4137 640 4190 Dei
656 4136 762 4190 iudicio
778 4136 813 4188 ab
826 4135 902 4189 bisce
943 4136 1003 4188 unis
1022 4138 1194 4208 terrenisque
1217 4135 1253 4188 ad
1270 4133 1355 4187 mcli-

264 4219 313 4261 ora
329 4218 362 4259 ac
378 4201 548 4265 durabiliora
564 4207 670 4280 palatia
684 4206 820 4273 uolans,
842 4207 893 4281 qul
909 4213 952 4264 cst
968 4206 1057 4267 iustus
1080 4207 1166 4264 iudex
1183 4212 1214 4264 et
1231 4204 1354 4264 cordium
