3000 4742
490 269 776 341 ιιιετοιιιλιιιιισ
801 276 918 349 11.16.
1144 252 1233 358 405

141 431 237 514 μείων
254 424 331 516 πρός
352 424 392 492 τό
416 423 529 509 βελτίω
557 423 614 492 καὶ
636 424 838 514 μονιμιότερα
866 424 1014 512 βασίλεια
1039 435 1380 527 καταστὴση,λ.0.ιλι9

142 528 266 602 dransae
283 518 328 590 τόν
348 522 463 610 κριτής,
476 524 534 590 καὶ
547 527 687 610 καρδιῶν
705 529 763 591 καί
776 529 934 610 λογισμῶν
951 529 1101 617 isauria,
1121 530 1179 619 τήν
1197 547 1263 601 rel)

138 628 295 713 πρόθεσιν
315 632 423 711 κρινεῖ
445 623 502 690 κατ’
525 628 589 691 τῶν
608 623 687 691 ἴσων
712 617 841 705 οἷξιώσει
862 629 965 714 γεριὸν
982 639 1048 705 τοῖς
1070 643 1234 718 μοναχοῖς,

139 721 191 790 ότι
207 723 254 812 μὴ
270 726 419 811 προθέσει
437 729 477 813 τῇ
496 728 652 816 σφετέρη,
673 725 742 791 ἀλλ’
756 726 934 811 α’πατηθεδς
953 722 1162 816 ἀπεστέρηται
1175 735 1235 798 τοῦ

115 823 285 893 ὄτοιοότοο
303 827 432 890 καλοῦ.”
467 827 605 891 Τοιαῦτα
628 828 687 891 τοῦ
704 825 843 911 μεγάλου
863 826 1049 910 δομεστέκοο
1068 829 1234 918 εἰρηκότος,

136 923 291 1010 δΒαρός
311 917 350 989 osi
370 919 522 999 καθεκτὸς
537 917 592 1010 ἦν,
622 923 692 989 ἄλλ’
713 925 753 989 od
771 922 986 1013 περιόψεσθαι
1001 925 1122 1015 ἔφασκε
1138 934 1234 1012 βασι-

134 1031 192 1092 λεῖ
207 1020 311 1099 οὕτως
327 1026 369 1089 έν
395 1019 542 1106 ἐσχάτοις
567 1021 725 1099 κινδύνοις
750 1016 820 1090 όντι
842 1023 887 1111 μὴ
913 1024 972 1112 την
992 1025 1132 1114 δυνατὴν
1149 1030 1233 1115 ’βοη-

57 1170 61 1177 »
134 1128 232 1190 θειαν
252 1125 445 1206 εἰσενεγκεῖν·
487 1120 526 1186 osi
546 1117 642 1204 μόνον
664 1118 708 1197 σός
723 1122 833 1207 ἰατρός
853 1118 915 1208 τόν,
944 1125 1038 1211 εἰμὴ
1059 1125 1099 1194 τό
1119 1125 1233 1194 δέοντα

135 1227 342 1310 παραινέσει,
360 1220 437 1300 ,τός
465 1219 606 1307 ἐσχάτας
628 1225 725 1288 τόσων
747 1222 853 1307 δίκας,
890 1226 960 1291 ἀλλ’
980 1223 1029 1292 ότι
1047 1225 1103 1292 κατ’
1125 1221 1232 1313 όρκοις

96 1324 220 1412 ιοπρδς
238 1327 395 1409 βασιλέως
414 1306 598 1409 κατελήφθη
617 1319 734 1410 ἔνδηλα
757 1323 847 1412 αότρλ
864 1330 996 1411 ποιῆσαι
1016 1321 1142 1417 ’τάληθῆ
1157 1329 1234 1413 περὶ

134 1421 267 1490 ἑαυτοῦ.
314 1425 389 1489 νοντ’
410 1424 446 1489 δέ
470 1415 532 1508 ἤδη
553 1422 661 1488 οὐδενὶ
681 1421 788 1513 τρόπῳ
810 1428 967 1509 βασιλέως
990 1428 1026 1492 έν
1045 1435 1110 1505 τοῖς
1135 1427 1232 1505 ζῶσιν
1258 1448 1264 1471 ι

134 1524 291 1606 ἐσομένου
300 1573 311 1605 ,
331 1523 367 1587 τί
375 1519 440 1607 χρὴ
461 1524 519 1607 τῆς
535 1524 644 1607 ψυχῆς
661 1523 718 1608 τῆς
738 1524 898 1611 σωτηρίας
914 1523 1041 1605 ἀμελεῖν
1055 1523 1161 1592 ε’λιτόσι
1180 1548 1232 1591 κε-

134 1630 207 1700 ναῖς
234 1616 488 1707 αἰωρουμένονςς
532 1624 673 1686 Τοιαῦτα
695 1624 817 1706 λέγοντι
835 1627 945 1710 Rapui
964 1620 1021 1688 κατ’
1038 1614 1098 1711 ἤδη
1122 1623 1333 1710 οόρμηΡ.λλδ

134 1722 223 1810 μένῳ
249 1725 379 1803 βασιλεῖ
396 1721 477 1805 δῆλα
499 1727 601 1785 ποιεῖν
626 1715 763 1804 ὅμέγας
779 1722 960 1805 δομέστικος
973 1721 1139 1807 ἤπειλησεν
1152 1724 1233 1788 εἷπο-
1425 1716 1427 1721 ⁴

95 1820 275 1902 ι5κτενεῖν,
294 1818 326 1885 εἰ
344 1817 389 1903 με)
410 1817 544 1885 παύοιτο
559 1810 691 1884 τοιαῦτα
709 1822 806 1907 δροῗν.
844 1821 939 1896 εἶδός
953 1844 988 1886 τε
1013 1817 1113 1886 αότδν
1133 1820 1233 1888 δειλό-

133 1942 231 1986 τατον
257 1910 334 1982 όντα
358 1916 413 1981 κατ’
435 1921 619 2004 θορυβῆσαι
640 1920 839 2009 δρανοηθεδς,
870 1917 1031 2004 έξαγαγοόν
1058 1918 1139 2003 ἔξω,
1166 1930 1233 1999 τοῖς

133 2018 278 2103 παροῦσι
293 2014 466 2098 Ῥωμαίων
487 2012 584 2083 εἶπεν·
634 2008 790 2106 ,ζἈνδρες
805 2017 977 2101 Ῥωμαῖοι,
999 2017 1106 2106 ἰατρὸς
1125 2016 1235 2086 odraus*

133 2116 210 2198 έμοί
226 2118 288 2198 μὲν
307 2114 478 2180 πείθεσθαι
502 2118 653 2198 βούλεται
679 2112 847 2201 οὐδαμοῖς,
883 2114 988 2205 ἑαυτῷ
1016 2120 1052 2183 δὲ
1070 2117 1233 2195 πεποιθώς

133 2212 181 2290 τός
194 2213 235 2301 δή
258 2239 307 2291 τις
324 2209 370 2278 τόν
383 2216 448 2278 τῶν
468 2238 504 2278 τε
520 2210 558 2279 τό
577 2205 654 2280 όντα
672 2213 778 2281 καὶτὰ
794 2215 930 2299 έσόμενα
949 2213 1094 2298 εἰδότων,
1122 2212 1232 2304 ολρμη-
1276 2278 1280 2295 ,

88 2338 186 2386 sorus
211 2314 291 2400 ἡμῖν
315 2312 527 2396 τὸνβασιλέα
550 2310 724 2397 μονάζοντα
751 2317 786 2380 ἐκ
810 2318 966 2400 βασιλέως
983 2315 1157 2395 ἀποδεῖξαι.
1201 2318 1234 2384 εἰ

130 2411 171 2500 δὴ
193 2411 238 2479 τό
257 2410 456 2502 πραττόμενα
473 2410 552 2495 όμῖν
570 2411 651 2479 nosci
671 2414 809 2500 γνιόμην,
831 2416 964 2501 εἰδείητε
985 2408 1025 2480 όν
1046 2410 1179 2481 αότοι”’.
1200 2416 1231 2482 οδ

131 2515 164 2580 δ’
181 2513 299 2578 αὐτίκα
319 2509 525 2600 περιστάντες
542 2509 599 2578 τόν
618 2509 741 2600 ἰατρόν,
761 2510 965 2599 ε’θορόβησόν
987 2536 1022 2579 τε
1037 2512 1075 2577 οδ
1092 2517 1229 2599 μετρίως

131 2610 190 2679 καὶ
212 2609 324 2700 καινήν
344 2636 416 2680 τινα
443 2606 531 2702 αότρῖ
557 2610 730 2699 ἤπειλησαν
760 2613 851 2678 ἰδέαν
872 2611 1053 2702 ἐξευρήσειν
1076 2610 1256 2695 &codrum

132 2783 388 2856 cogitationumque
412 2792 563 2850 scrutator,
582 2785 617 2841 de
636 2786 695 2842 eins
703 2785 848 2858 proposito
860 2785 1026 2840 sententiam
1044 2786 1131 2840 ieret:
1150 2803 1227 2839 enm·

132 2871 190 2925 que
210 2870 267 2906 nou
286 2872 334 2907 sua
353 2867 465 2926 sponte,
484 2858 533 2911 sed
552 2859 644 2911 aliena
661 2858 757 2911 fraude
775 2857 828 2910 lroc
844 2857 919 2910 bono
936 2857 1073 2926 privatum
1091 2857 1149 2926 pari
1167 2873 1229 2907 cum

130 2923 275 2978 monachis
300 2930 421 2995 praemio
447 2927 612 2998 dignabitur.
656 2929 730 2981 Haec
758 2927 809 2980 ubi
837 2927 912 2981 dicta
940 2927 1104 2979 domesticus
1132 2926 1228 2989 dedit,

129 2995 217 3063 Barys
236 2995 403 3064 impotenter
422 3014 565 3069 crumpens
589 2999 644 3062 ait,
661 3016 718 3050 non
737 3015 767 3051 se
784 2999 814 3048 iu
831 3004 954 3049 extremo
977 2997 1100 3066 periculo
1116 3013 1229 3048 versan-

129 3072 189 3119 tem
208 3068 399 3136 inperatorem
416 3067 604 3136 deserturum
627 3068 676 3121 sed
694 3085 776 3151 quam
788 3074 883 3138 posset
907 3080 987 3137 opem
1019 3065 1045 3117 el
1062 3067 1228 3119 allaturum:

129 3153 189 3189 non
209 3136 291 3189 modo
313 3139 380 3209 quis
397 3139 451 3190 nisi
469 3139 597 3192 salutaria
614 3146 728 3191 suaserit
747 3146 781 3190 ut
806 3137 947 3201 medicus,
973 3138 1141 3206 gravissimas
1158 3152 1228 3206 poe-
1285 3146 1287 3151 ’

129 3224 180 3260 ιιι
201 3207 320 3260 luiturus
333 3210 384 3274 sit;
402 3209 451 3262 sed
471 3213 552 3263 etiam
569 3210 635 3280 quia
659 3217 828 3261 sacramento
858 3210 884 3260 ei
902 3205 1102 3278 spoponderit,
1127 3212 1229 3258 verita·

130 3284 192 3330 tem
212 3278 247 3331 de
266 3279 328 3348 ipso
345 3298 402 3332 non
420 3281 578 3332 celaturum.
613 3279 693 3331 Nunc
711 3295 773 3331 cum
791 3294 963 3350 nequaquam
989 3276 1045 3330 vita
1063 3278 1106 3329 illi
1124 3276 1159 3328 de
1181 3293 1228 3329 ce-

72 3346 78 3356 '
128 3354 193 3401 tero
211 3349 418 3418 suppeditatum
433 3354 488 3413 sit,
505 3366 554 3402 cur
567 3349 602 3402 sb
620 3349 695 3403 mani
717 3367 766 3420 spe
784 3349 961 3419 pendendum
984 3356 1014 3400 et
1034 3349 1105 3400 salus
1121 3348 1231 3399 animae

127 3418 209 3471 illius
231 3437 266 3472 ne
285 3420 416 3490 ligenda?
432 3421 507 3473 llaec
524 3421 684 3492 loquentum
695 3421 784 3488 Baryu
808 3428 836 3472 et
866 3420 921 3471 iam
944 3418 1104 3488 imperatori
1128 3434 1230 3488 paran-

128 3497 190 3543 tem
209 3439 283 3561 quod
302 3509 344 3543 τοι
362 3499 421 3544 erat
440 3491 615 3562 patefacere,
630 3508 742 3560 magnus
757 3490 942 3554 domaticus,
966 3491 1021 3542 uisi
1041 3489 1112 3541 laeto
1130 3504 1231 3559 super-

131 3560 262 3623 sederet,
290 3579 319 3613 se
339 3563 548 3616 interfecturum
564 3561 728 3615 minabatur.
767 3561 893 3631 Cumque
911 3560 993 3613 sciret
1011 3558 1153 3613 homiuem
1169 3573 1230 3610 esse

133 3630 338 3684 timidissimum
357 3644 385 3686 et
404 3636 520 3706 quavis
539 3651 602 3688 eum
623 3641 790 3703 perterreret
810 3640 905 3685 mente
921 3631 1050 3701 agitaret,
1068 3630 1140 3683 lorus
1158 3629 1229 3681 edu-

134 3701 191 3762 ΰῑῑι
209 3712 417 3775 praesentesque
443 3707 577 3758 Romanos
606 3705 666 3772 ipso
692 3703 823 3755 audiente
850 3703 890 3754 sic
907 3702 1071 3771 alloquitur:
1102 3699 1229 3751 Medicus

137 3771 208 3835 iste,
224 3771 278 3822 siri
296 3773 424 3836 Romani,
442 3775 511 3828 milri
530 3791 634 3828 morem
647 3790 739 3845 gerere
758 3774 871 3826 omniuo
890 3777 1014 3834 recusat,
1031 3772 1142 3840 sibique
1154 3770 1228 3820 rnul-

136 3848 195 3893 lltm
212 3841 356 3905 tribuens,
378 3846 493 3912 perinde
511 3848 589 3918 quasi
608 3863 678 3897 uuus
696 3845 734 3897 sit
752 3861 865 3904 eorum,
893 3844 942 3915 qui
961 3843 1116 3911 praesentia
1138 3847 1166 3891 ct
1183 3840 1230 3891 lu·

137 3910 199 3963 tura
218 3919 335 3976 norunt,
353 3915 381 3966 id
401 3918 473 3985 agit,
491 3924 523 3969 ut
536 3916 618 3968 uobis
629 3918 824 3985 imperatorem
840 3911 1003 3965 monachum
1020 3908 1125 3964 reddat
1146 3909 1230 3978 Quod

136 3998 202 4033 num
220 3983 317 4033 animis
343 3988 438 4037 vestris
463 3987 613 4039 iucundum
641 3986 764 4049 accidat,
794 3985 850 4054 ipsi
875 3983 1015 4036 noveritis.
1052 3979 1096 4031 Illi
1115 3989 1230 4049 repente

135 4052 270 4104 medicum
291 4053 533 4121 circumfundunt,
555 4056 749 4109 tumultuosius
766 4056 887 4107 l'remuut
911 4069 943 4104 ae
961 4051 1016 4103 nisi
1035 4058 1131 4120 coepta
1148 4050 1230 4103 dese-

135 4129 195 4186 rat,
214 4121 339 4176 inaudito
361 4140 459 4192 genere
483 4128 579 4180 mortis
598 4144 628 4180 se
654 4127 734 4180 illum
751 4124 890 4179 deleturus
909 4123 1118 4175 comminantur.
1155 4121 1229 4190 Qui-

135 4192 283 4247 busninis
304 4197 481 4264 perterritus,
510 4198 649 4254 sententia
673 4197 800 4253 decessit
835 4193 1091 4251 verumenimvero
1108 4191 1229 4264 impera·
1334 4244 1338 4253 .
