3000 4742
262 194 347 283 258
659 202 938 317 CANTtCUtENt
1053 210 1057 218 ’
1126 188 1149 227 ⁸

118 384 259 456 Δέλτοις
267 374 389 459 ἐγένετο
410 365 588 452 καταφανὲς
610 354 732 442 testes
750 358 813 421 τῶν
828 348 1009 418 ἑαλωκότων
1022 347 1229 435 γραμμάτων,
1251 343 1341 412 duos*

260 467 341 556 μετά
359 470 423 532 τῶν
437 461 513 550 πρὸς
531 463 593 542 ἐμὲ,
604 454 763 523 ἐλθόντων
780 453 952 539 ἀρχιερέων
969 444 1096 530 ἔπεμψά
1112 469 1173 510 σοι·
1191 445 1246 509 καί
1262 452 1339 509 πολ-

233 566 301 642 Βλά
315 563 460 642 πολλάκις
470 565 548 644 ἐμοῦ
565 561 737 643 δεηθέντος,
754 548 791 619 od
803 551 977 638 προσεδέξω
990 545 1047 632 τήν
1059 544 1197 632 εἰρήνην,
1215 545 1272 610 καί
1283 545 1339 609 νῦν

259 665 405 740 ἐλθόντος
425 663 580 727 ἐνταυθοῖ
588 659 643 721 καί
659 655 834 735 ἁπτομένου
856 673 913 715 σου
934 650 997 712 τοῖν
1013 642 1151 730 γονάτων
1171 642 1227 708 καί
1239 644 1340 708 πάντα

259 763 450 850 πρέποντος
477 753 556 823 dote
585 753 642 838 τήν
668 748 796 841 εἰρήνην
816 743 896 814 εἶναι
904 799 914 830 ,
948 745 1039 811 οὐδὲν
1066 745 1184 826 μᾶλλον
1213 740 1361 828 δηιήκαςὸ

260 866 316 946 τῆς
337 855 439 946 ὄργής,
461 851 530 923 ἀλλ’
550 847 706 939 ἀπρακτον
725 849 912 930 ἀπεπέμψω,
933 839 1037 928 οἵσπερ
1058 868 1088 908 τι
1108 844 1217 916 σκεῦος
1238 832 1341 925 ἀχρη-

260 982 335 1024 στον
355 950 546 1042 ἀπορρίψας·
567 944 698 1036 ήλπικας
715 949 749 1010 δ’
770 947 824 1011 ἐπί
842 942 900 1030 τήν
921 944 1088 1026 δεδεμένην
1107 936 1280 1025 πάρδαλιν,
1300 936 1342 1022 ήν

260 1058 374 1132 ἐλυσας
394 1059 461 1119 κατ)
481 1052 572 1134 ἐμοῦ.
604 1047 674 1116 ι’δού
697 1044 757 1132 τήν
774 1045 834 1128 μὲν
853 1042 978 1129 εἰρήνην
997 1037 1052 1105 καὶ
1076 1035 1150 1114 τούς
1179 1040 1221 1102 δι’
1241 1034 1342 1120 οάτήν

259 1155 479 1242 γεγενημένους
512 1145 625 1235 ὅρκους
653 1148 857 1231 παραδιδωμι
884 1145 967 1230 θεῷ,
1008 1135 1044 1205 δν
1082 1133 1179 1214 αάτδς
1210 1129 1342 1221 εὖορκά·

261 1255 362 1321 πάντα
392 1255 427 1319 δέ
454 1253 498 1340 τήν
525 1248 625 1314 πάντα
656 1246 784 1320 δικαίως
810 1244 945 1330 κρίνοντι
973 1235 1104 1313 ἀναθείς
1121 1234 1159 1303 τά
1181 1240 1249 1302 κατ’
1271 1237 1378 1317 inbre

261 1351 437 1438 ἀναγκαίως
457 1343 516 1435 ήδη
533 1344 612 1433 πρδς
632 1340 685 1411 τὸν
704 1343 840 1424 πόλεμον
857 1342 965 1426 χωριδ.
985 1342 1123 1405 πέποιθα
1145 1338 1180 1401 δὲ
1199 1332 1256 1426 οἷς,
1277 1332 1342 1400 ὀλί-

261 1476 319 1539 γου
348 1445 558 1537 παρελθάντος
584 1442 717 1531 χρόνου,
754 1442 829 1507 οὐδ’
850 1438 945 1517 edric
973 1434 1135 1524 ἀγνοήσεις
1161 1432 1219 1521 τήν
1243 1429 1342 1517 ἀβου-

261 1552 334 1617 λίαν
360 1547 418 1635 τήν
447 1544 536 1628 νυνί,
564 1545 632 1608 ἀλλ’
659 1544 776 1608 ἐκτῶν
796 1535 987 1625 πραγμάτων
1008 1533 1261 1621 αάτιὸνμαθήση
1283 1556 1342 1596 σα·

263 1652 349 1737 φῶς,
381 1648 425 1724 οδς
452 1637 497 1712 ἀν
523 1646 583 1727 μὲν
611 1643 808 1726 ἀποσχέσθαι
827 1637 911 1721 ἔδει,
942 1641 1045 1703 ταῦτα
1064 1634 1229 1723 προείλου,
1261 1629 1341 1697 dte

238 1747 391 1833 ὒέκρινας
410 1751 598 1824 καταλιπεῖν,
617 1740 735 1807 τούτων
746 1734 788 1825 ήν
806 1743 926 1823 βέλτιον
942 1735 1075 1822 ἔχεσθαι
1093 1733 1191 1801 παντί
1207 1736 1381 1803 obirem

259 1848 392 1919 soterice
423 1843 573 1928 βασιλεῦς
593 1839 611 1905 ὅ
632 1841 700 1914 νέος
721 1835 818 1905 εἶπάν
828 1890 839 1922 ,
859 1834 999 1920 καταβάς
1017 1838 1074 1902 τοῦ
1093 1836 1209 1916 ἵππου,
1242 1855 1341 1918 προσ-

261 1942 365 2011 εκάνει
394 1942 450 2006 καί
469 1935 588 2005 ἀπόντα
611 1935 666 2004 τὸν
686 1934 812 2004 πάππον
841 1934 897 2001 καί
914 1937 1056 2017 βασιλέα
1089 1931 1145 1997 καί
1163 1929 1180 1996 ὅ
1201 1931 1343 2019 Μαροά-

261 2049 317 2126 λης
348 2042 383 2104 δὲ
404 2037 521 2122 δμοίως
548 2032 653 2124 οδσπερ
680 2036 735 2100 καί
762 2034 910 2122 πρότερον
938 2016 1000 2098 ἀπὸ
1029 2035 1086 2098 τοῦ
1114 2030 1240 2115 τείχους
1270 2032 1343 2118 σιγή

261 2137 319 2226 τήν
341 2139 551 2224 προσκύνησιν
571 2143 702 2222 παρεῖχε
722 2136 766 2223 τῷ
787 2136 844 2219 νέην
864 2139 996 2217 βασιλεῖ.
1029 2127 1098 2197 εἶτα
1118 2135 1174 2197 καί
1192 2130 1268 2209 τούς
1287 2125 1344 2197 ἀλ-

261 2243 337 2311 λους
355 2236 429 2310 τούς
449 2229 583 2300 ἀπὸτοῦ
603 2235 728 2317 τείχους
754 2230 971 2314 ἀσπασάμενος
991 2230 1008 2297 ὅ
1027 2233 1193 2314 βασιλεὺς,
1223 2231 1383 2313 άνεχοέ-το

262 2359 358 2423 ρησεν
388 2336 527 2415 ἐκεῖθεν,
560 2329 615 2397 καί
632 2324 729 2417 ἦλθεν
756 2334 802 2408 είς
828 2329 1018 2417 Σηλυβρίαν.
1050 2329 1105 2395 καί
1122 2330 1282 2415 διοικήσας
1300 2329 1342 2395 τά

266 2426 368 2521 ἐκεῖᾖ
388 2426 472 2520 αὕτη]
491 2432 593 2496 ἐδόκει
612 2423 728 2518 ἄριστα
747 2429 843 2514 ἔχειν,
863 2429 918 2495 καί
936 2422 1074 2517 ἀρχοντα
1094 2428 1261 2515 ἐπιστήσας
1281 2433 1345 2515 Ση-

265 2539 464 2616 λυβριανοῖς,
485 2525 584 2615 ήλθεν
603 2531 648 2607 εἷς
665 2528 893 2614 Διδυμίπειχον
903 2582 913 2612 ,
933 2526 1111 2603 καταλιπών
1131 2532 1165 2595 ἐν
1185 2529 1345 2618 Σηλυβρίρ

263 2630 542 2717 παρακοιμάμενον
562 2627 615 2694 τὸν
631 2623 843 2713 Ἀπάκαοχον,
863 2625 907 2704 οδς
927 2622 966 2694 ἀν
984 2625 1062 2693 εἴτι
1082 2622 1258 2715 ἀσφαλείας
1277 2631 1345 2695 ἐνέ-

337 2751 375 2803 ι6.
393 2750 444 2801 τοῦ
461 2749 553 2800 ἵππου
571 2755 644 2801 recte
653 2748 709 2799 ΕΒ.
720 2748 748 2806 Ρ.
759 2763 808 2817 pro
822 2735 875 2802 τδκ
890 2747 989 2800 ἵππον.

264 2869 324 2906 sum
343 2868 372 2905 se
390 2850 538 2905 meditatus
559 2851 743 2921 inuidioseque
762 2851 886 2913 molitus,
903 2858 936 2903 ut
952 2855 1048 2921 puteat
1065 2865 1099 2901 ex
1116 2851 1274 2921 interceptis
1293 2853 1345 2905 tit·

265 2925 345 2987 teris,
364 2939 431 2993 quas
456 2938 506 2989 per
524 2923 664 2991 episcopos
693 2930 857 2973 revertentes
877 2922 920 2973 illi
936 2920 1052 2978 miserit.
1070 2921 1174 2973 bellum
1191 2925 1343 2990 renovarit;

266 3003 295 3046 et
314 3010 375 3071 eupr
392 3009 473 3063 saepe
493 2994 664 3065 multumque
683 3009 794 3061 rogans,
822 2992 863 3043 uti
880 3009 974 3062 paoem
1000 2992 1152 3060 occiperet,
1179 3009 1234 3043 non
1252 2995 1343 3062 impe-

265 3068 359 3127 trarit,
376 3071 404 3115 et
419 3080 494 3114 nunc
512 3079 572 3114 curn
591 3061 645 3115 huc
661 3064 781 3124 veniens,
797 3078 882 3131 genua
901 3066 958 3115 eius
977 3062 1114 3129 amplexus
1134 3063 1179 3126 sit,
1198 3071 1228 3114 et
1243 3072 1273 3114 ut
1289 3080 1344 3130 pax

267 3137 479 3186 constitueretur
502 3132 575 3184 nihil
598 3150 654 3185 non
674 3137 803 3193 tentarit,
829 3134 889 3200 ipse
914 3142 1003 3186 umen
1028 3149 1057 3183 se
1075 3133 1197 3185 nondum
1215 3133 1344 3203 fregerit3

268 3203 315 3256 sed
334 3205 493 3271 supplicem,
502 3219 532 3253 re
550 3203 660 3264 infecte,
678 3202 813 3254 dimiserit
832 3212 860 3256 et
875 3212 1013 3275 tamquam
1022 3219 1068 3254 vas
1086 3204 1184 3255 inutile
1203 3204 1344 3267 obiecerit,

268 3290 398 3344 spemque
416 3289 490 3325 suam
508 3273 536 3322 in
553 3273 658 3341 parduli
676 3273 838 3335 collocarit,
859 3291 939 3344 quam
960 3275 1075 3325 solutam
1094 3282 1187 3325 contra
1204 3290 1232 3325 se
1250 3276 1344 3326 immi·

269 3344 351 3408 serit3
368 3341 431 3394 ideo
449 3358 542 3409 pacem
561 3349 589 3393 et
603 3343 675 3396 diets
694 3352 805 3412 propter
821 3344 896 3395 illam
914 3352 1080 3395 recrementa
1097 3344 1156 3396 Deo
1174 3360 1202 3394 se
1220 3345 1345 3396 commit·
1433 3394 1436 3405 ,

272 3421 346 3474 tere,
365 3429 512 3482 perquem
530 3413 619 3463 iurnts
640 3414 766 3481 religiose
786 3411 874 3464 σάλιοι
894 3420 991 3477 servet,
1010 3422 1038 3466 et
1057 3431 1151 3465 omues
1170 3430 1212 3465 res
1231 3431 1292 3466 snas
1313 3416 1345 3467 in

271 3482 371 3533 iustum
395 3484 515 3533 omnium
539 3480 658 3535 iudicem
686 3483 802 3546 1=escrre3
831 3485 940 3554 iensque
971 3486 1130 3543 necessitate
1159 3485 1345 3548 constrictum,

270 3551 345 3603 bello
363 3568 471 3602 manum
489 3552 635 3619 implicare.
671 3552 814 3605 Confidere
828 3570 871 3616 se,
888 3555 975 3622 ipsum
988 3572 1041 3624 quo
1064 3572 1097 3606 ue
1111 3556 1255 3607 amentiam
1269 3572 1345 3606 susm

269 3620 347 3674 brevi
360 3623 528 3690 cogniturum
542 3629 569 3671 et
582 3638 615 3673 ex
634 3625 737 3675 eventis
758 3632 969 3693 perspectorem,
986 3642 1016 3677 es
1033 3573 1155 3693 degisse,
1174 3627 1345 3696 quaeritare

272 3692 412 3759 inprimis,
432 3709 463 3742 es
483 3691 639 3759 reliquisse,
658 3710 727 3762 quse
740 3700 800 3755 toto
813 3702 923 3763 pectore
941 3696 1083 3765 complecti
1098 3694 1246 3748 debuisset
1271 3694 1346 3748 Haec

275 3761 355 3824 tatus,
375 3761 409 3814 dc
424 3778 495 3832 equo
511 3761 651 3814 deseendit
664 3771 692 3814 et
704 3766 824 3833 σοοιοτίι
840 3764 980 3817 absentem
998 3783 1076 3817 ovum
1090 3767 1144 3817 ritu
1157 3773 1286 3818 consueto
1296 3783 1345 3818 ve-

275 3840 384 3889 neratus
399 3840 455 3885 est:
474 3849 505 3884 ac
525 3832 643 3884 Marnles
656 3832 771 3902 perinde
785 3843 816 3888 ut
826 3837 915 3904 prius,
941 3853 1001 3887 eum
1020 3835 1129 3888 silentio
1150 3836 1184 3889 dc
1201 3836 1345 3889 moenibus

274 3910 356 3969 ceput
374 3903 400 3955 ei
414 3903 554 3955 summisit
589 3903 658 3954 Aliis
673 3902 773 3956 deinde
787 3907 817 3957 in
831 3923 908 3959 muro
929 3906 1062 3960 stantibus
1083 3904 1204 3960 salutatis
1213 3946 1221 3971 ,
1240 3906 1345 3960 disces·

271 3972 325 4040 sit3
345 3976 511 4044 veniensque
532 3972 696 4041 Selybrism,
719 3990 776 4025 rem
799 3977 935 4046 publicam
955 3995 1004 4030 suo
1027 3975 1129 4029 iudicio
1151 3977 1292 4042 formavit,
1315 3985 1346 4029 et
1384 4022 1389 4028 .

271 4045 408 4111 praefecto
428 4045 532 4098 ibidem
553 4044 707 4106 declarato,
735 4045 956 4115 Didymoticbum
981 4048 1065 4111 abiit,
1086 4047 1183 4101 relicto
1205 4049 1345 4116 Selybrise

271 4113 433 4185 sparsurus
445 4132 542 4188 magno
554 4115 735 4182 cubiculario,
753 4127 784 4170 ut
796 4120 820 4172 si
839 4117 907 4203 quid
917 4134 987 4191 opus
995 4125 1074 4174 esset
1088 4120 1242 4175 securitatis
1264 4134 1344 4172 τουτο
