3000 4742
494 281 774 375 rusr'ouuuuu
803 310 829 372 ι
857 316 909 381 ιι.
1165 277 1248 368 sot

175 463 355 548 τεταγμένος
372 461 534 548 τραπέζης·
574 460 708 544 ὅμέγας
736 462 776 526 δὲ
800 461 979 541 topiorum
1007 461 1042 528 δν
1069 461 1113 552 τῷ
1133 458 1249 547 προσὴ-
1258 464 1396 523 Leniat

176 586 261 628 κοντι
280 558 364 650 τάπερ
384 568 450 638 τοῖς
471 551 576 636 ἄλλοις
595 561 853 628 συνανακέκλιται
870 564 1090 644 συγκλητικοῖς.
1109 552 1197 640 άξιον
1216 560 1252 624 lt
1374 556 1383 572 '

175 662 232 725 καί
249 653 266 725 ὃ
284 658 496 744 παρελίπομεν
513 661 568 742 τῆς
587 659 713 742 τελετῆς
733 656 850 742 ταύτης
868 657 1111 742 ἐπιμνησθῆναι.
1136 660 1174 744 τῇ
1192 653 1253 740 γάρ
1312 703 1320 714 ,

174 756 296 847 ἡμέρη,
323 759 399 821 καθ’
420 752 462 842 ἢν
482 754 500 822 δ
520 753 667 840 βασιλεῦς
685 753 831 841 χρισδεδς
849 752 946 832 ἔξεισι
964 757 1021 821 τοῦ
1047 755 1139 836 ναοῦ,
1166 753 1253 839 παρά
1260 754 1282 808 C

156 855 260 931 sessor
279 855 343 920 τῶν
364 859 586 940 συγκλητικῶν,
608 849 643 917 ὃν
664 848 704 919 άν
724 849 743 917 ά
764 850 912 937 βασιλεῦς
930 854 1035 942 λθέλη,
1056 852 1101 929 εἰς
1118 848 1174 916 τάν
1196 854 1253 936 δῆ-

175 976 237 1036 μον
256 949 421 1040 ρ’ίπτονται
440 948 462 1017 ά
483 956 626 1037 λέγουσιν
644 950 823 1035 ἐπιτύμβια.
851 950 986 1017 δάναται
1006 954 1041 1018 δὲ
1061 954 1152 1017 τοῦτο
1173 942 1254 1014 oino-

176 1054 314 1133 δέσμους
331 1048 417 1128 τινάς
445 1046 526 1116 εἶναι
544 1053 580 1118 ἐν
600 1049 735 1116 δδονίων
754 1049 895 1137 τμήμασι
922 1053 1126 1133 δεδεμένους,
1164 1047 1253 1118 ἔνδον

177 1147 304 1233 ἔχοντας
321 1148 498 1231 νομισματα
527 1153 636 1236 χρυσῶ
660 1152 723 1215 τῶν
741 1149 912 1232 βασιλικῶν
939 1150 1011 1233 τρία
1032 1147 1087 1214 καὶ
1105 1149 1138 1226 ἕξ
1156 1141 1254 1233 οἷργῦ-

179 1273 237 1333 ρου
257 1251 393 1313 τοσαῦτα
420 1243 518 1334 ἢκαδ
543 1250 658 1331 πλείω,
685 1246 741 1314 καδ
765 1246 897 1331 δβολοῦς
918 1242 981 1314 άπὸ
1004 1250 1125 1332 χαλκοῦ
1144 1244 1254 1314 τοσσά-

141 1370 260 1426 ιοτους.
291 1345 453 1433 ρι’πτονται
474 1349 509 1413 δὲ
537 1341 710 1431 ῶπάδεσμοι
735 1351 871 1414 τοιοῦτοι
897 1343 1053 1431 χιλιάδων
1080 1336 1253 1430 ἔλαττονῆ

177 1455 282 1512 πλεῖον
313 1448 388 1512 δέκα
418 1449 453 1514 ἐν
470 1457 535 1526 τοῖς
561 1445 744 1533 προαυλάνις
763 1443 902 1529 μάλιστα
929 1450 989 1511 τοῦ
1015 1448 1102 1513 ναοῦ.
1133 1442 1196 1510 sino
1217 1447 1264 1512 δὲ,

176 1542 233 1629 την
253 1542 352 1630 αῦτην
381 1543 504 1632 ἡμέραν
532 1548 567 1612 ἐν
592 1554 660 1623 τοῖς
686 1545 857 1628 βασιλείοις
875 1547 935 1610 τοῦ
961 1545 1061 1629 δήμου
1082 1549 1251 1631 συνηθροι-
1318 1581 1321 1586 ·
1367 1619 1372 1636 ,

175 1643 291 1724 ομὲνου
311 1641 435 1726 παντὸς,
455 1641 544 1730 παρά
563 1647 621 1711 τοῦ
642 1634 741 1708 αῦτοῦ
761 1640 856 1708 πάλιν
875 1646 1080 1729 συγκλητικοῦ
1095 1646 1158 1709 τῶν
1169 1644 1284 1729 προ-Υ·
1295 1663 1341 1702 sos

176 1744 276 1826 τὲρων
295 1739 359 1808 ἴσοι
376 1736 398 1828 ἢ
416 1744 471 1807 καὶ
490 1743 616 1819 πλείους
637 1740 792 1828 ῥίπτονται
811 1740 991 1824 οἷπόδεσμοι.
1022 1744 1067 1819 εἰς
1086 1742 1143 1828 τὴν
1161 1740 1254 1808 ῦστε-

139 1838 275 1925 εόραάαν
295 1841 330 1905 δὲ
349 1843 411 1905 τῶν
431 1842 605 1925 δημοτικῶν
623 1844 683 1923 μὲν
702 1839 846 1927 πάρεισιν
866 1840 998 1917 οδδένες·
1023 1843 1079 1906 τοῦ
1098 1863 1252 1927 στρατιω-

153 1938 269 2014 ἱτικοῦ
294 1941 330 2003 δὲ
349 1939 404 2003 καί
422 1942 482 2002 τοῦ
507 1942 581 2025 περὶ
601 1936 658 2025 τήν
680 1937 846 2024 βασιλικὴν
865 1938 1037 2024 ῦπηρεσάαν
1062 1941 1281 2023 τεταγμένουλ)

177 2033 332 2120 παρόντος
350 2034 485 2120 παντὸς,
506 2038 542 2103 δν
560 2046 631 2115 ταῖς
649 2040 711 2103 τῶν
729 2036 899 2121 βασιλείων
918 2037 1031 2116 ου’λαῖς
1050 2034 1251 2124 ἔξερχόμενος

177 2126 195 2197 ῦ
215 2132 383 2218 βασιλεῦς,
414 2137 473 2199 τοῦ
492 2138 556 2201 τῶν
569 2138 743 2219 βασιλικῶν
763 2138 879 2217 ταμίου
899 2138 1107 2222 παρεστῶτος,
1125 2132 1253 2222 χρημά-

176 2256 241 2297 των
261 2236 317 2299 καί
332 2231 388 2321 τὴν
408 2226 509 2321 άκραν
527 2237 582 2321 τῆς
604 2238 735 2319 ἐσθῆτος
762 2236 864 2321 πλήρη
885 2238 1033 2322 φέροντος
1054 2234 1253 2318 νομισμάτων

137 2332 307 2418 ηοχρυσῶν
325 2330 361 2396 ἐκ
378 2333 440 2398 τῶν
458 2337 638 2417 βασιλικῶν,
656 2329 865 2418 δραττόμενος
878 2333 895 2398 δ
908 2332 1056 2415 βασιλεῦς
1068 2332 1169 2422 κῦκληι
1182 2336 1252 2398 δια-

176 2429 330 2509 σκεδάζει.
356 2435 554 2498 κενωθέντων
574 2435 630 2515 δὲ,
658 2430 675 2498 ὅ
696 2434 812 2514 ταμίας
839 2424 936 2510 αὖθις
954 2431 1013 2519 την
1031 2436 1154 2519 ἐσθῆτα
1173 2433 1253 2496 οἶνο-

179 2535 304 2616 τιληροῑ·
330 2529 385 2595 καὶ
405 2534 498 2596 τοῦτο
523 2533 645 2616 γίνεται
662 2526 702 2596 οῦ
716 2531 785 2616 τρὶς
802 2532 858 2596 καὶ
874 2534 1016 2617 τετράκις
1028 2533 1124 2614 μόνον
1130 2582 1150 2619 ,ρ
1169 2526 1251 2596 άλλά

179 2626 234 2693 καὶ
255 2628 426 2707 πλεονάκις.
457 2626 559 2696 αἴτιον
573 2633 679 2722 δὸτῆς
697 2628 845 2716 τοιαάτης
866 2629 1037 2708 διαδόσεως
1051 2634 1109 2697 τοῦ
1129 2631 1253 2717 χρυσοῦ

182 2721 219 2790 τῦ
236 2724 350 2804 πάντας
365 2724 536 2816 βούλεσθαι
557 2728 613 2794 τδν
632 2730 765 2813 βασιλέα
788 2731 823 2796 ln
841 2730 905 2794 τῶν
929 2729 1030 2795 αῦτοῦ
1048 2732 1253 2804 δαπανῶντας

140 2817 270 2913 ςεαῦτηῦ
289 2826 575 2916 συνευφραίνεσδαι
596 2832 652 2895 καί
673 2830 966 2916 συμπανηγυριζειν.
1000 2827 1131 2913 τοιαῦτη
1153 2828 1252 2912 μὲνὴ

177 2996 315 3067 praelecto
329 2999 416 3069 regiae
431 3016 540 3053 mensae
557 3001 738 3065 ministrante,
756 3000 986 3055 accumbentibus.
1020 3000 1134 3071 Magnus
1157 2997 1255 3051 ‹lomo-

177 3071 261 3120 sticus
278 3068 368 3120 locum
384 3070 439 3124 sibi
461 3073 666 3124 convenientem
684 3078 790 3135 tenens,
810 3089 870 3124 cum
888 3070 984 3124 iisdem
1004 3071 1057 3123 init
1075 3069 1176 3140 epulas
1199 3067 1254 3120 Sea

177 3138 355 3192 memorabile
373 3148 414 3194 est
430 3142 459 3192 in
475 3141 524 3194 hac
544 3141 690 3194 cerimonia
709 3141 783 3211 quod
805 3143 951 3194 omisimus.
986 3141 1048 3206 Die,
1066 3156 1120 3211 quo
1137 3139 1173 3190 im
1194 3155 1254 3191 era-

178 3217 223 3260 tor
238 3216 337 3260 unctus
354 3227 370 3262 e
388 3210 489 3279 templo
508 3213 572 3273 exit,
589 3212 624 3263 ab
641 3212 733 3282 aliquo
759 3213 818 3265 eius
835 3211 1020 3282 optimatium,
1049 3226 1163 3284 quemn
1201 3207 1254 3261 hoc

179 3278 323 3348 delegerit,
339 3279 369 3331 iu
385 3281 517 3349 populum
538 3281 672 3333 iaciuntur
689 3298 759 3353 quae
775 3291 871 3335 vocant
888 3281 1046 3353 epicombia
1081 3281 1150 3333 Sunt
1162 3287 1253 3331 aulem

178 3349 315 3412 fasciculi,
338 3352 483 3420 segmentis
502 3352 595 3404 linteis
618 3353 721 3422 illigata
746 3352 876 3406 habentes
907 3352 1069 3406 numismata
1097 3367 1178 3404 aurea
1199 3351 1253 3402 im·

198 3421 314 3471 oratoria
333 3423 395 3483 tria,
415 3421 530 3473 totidem
547 3430 672 3492 argentea
689 3430 736 3473 aut
753 3423 838 3491 plura,
856 3431 884 3475 et
904 3422 998 3476 obolos
1016 3438 1108 3475 aereos
1128 3417 1251 3473 totidem.

176 3436 345 3610 Eparpuntor
369 3491 524 3544 huiusmodi
551 3492 672 3546 fasciculi
699 3493 807 3545 circiter
830 3491 920 3545 decies
940 3493 1031 3555 millo,
1063 3492 1093 3542 in
1115 3490 1251 3543 vestibulo

177 3560 272 3628 tempi
289 3564 442 3631 praecipue.
476 3562 533 3616 Sub
550 3562 638 3633 ipsum
652 3578 714 3615 vero
733 3563 806 3616 diem
823 3563 853 3615 in
871 3564 971 3631 palatio
988 3563 1090 3633 populo
1109 3567 1167 3613 toto
1183 3577 1253 3613 eon-

224 3637 300 3699 ηοω,
330 3631 364 3682 ab
382 3630 479 3684 eodem
499 3650 533 3686 ex
553 3650 569 3686 ο
590 3633 729 3686 timatibus
748 3642 790 3686 tot
806 3634 929 3701 pluresve
959 3635 1095 3686 iaciuntur
1120 3631 1252 3683 fasciculi.
1350 3678 1356 3692 ,

177 3647 287 3752 {bestero
307 3699 353 3753 δῖε
373 3702 408 3754 de
425 3703 528 3771 populo
546 3650 623 3756 εάεει
639 3720 737 3765 nemo,
759 3702 836 3756 adest
854 3714 945 3756 autem
964 3700 1100 3778 quislquid
1119 3709 1161 3754 est
1177 3702 1252 3753 mili·

177 3777 236 3822 sum
262 3776 291 3822 et
312 3773 497 3826 ministrorum
520 3773 676 3827 aulicorum.
711 3775 781 3827 Tum
799 3775 827 3826 in
848 3773 946 3828 atrium
962 3774 1058 3843 palatii
1077 3770 1253 3835 descendens,

177 3849 283 3892 utente
300 3852 444 3910 quaestore
461 3860 510 3896 suo
529 3853 692 3913 gerenteque
709 3844 838 3898 laciniam
855 3845 938 3898 restis
953 3845 1060 3914 plenam
1078 3843 1253 3910 imperatoria

178 3913 293 3980 pecunia
311 3928 396 3981 eaque
415 3930 506 3977 aurea,
523 3931 604 3966 manu
617 3915 699 3996 plena
717 3932 835 3979 sumens,
855 3916 884 3968 iu
902 3915 996 3966 orbem
1015 3913 1152 3983 dispergit
1189 3912 1253 3981 Qut

178 3987 236 4032 tota
252 3979 381 4050 dispersa,
418 3993 526 4040 uaestor
542 3984 668 4038 laciniam
682 3986 782 4038 iterum
793 3995 822 4037 et
837 3986 949 4037 tertium
965 3991 994 4036 et
1007 3991 1132 4056 quartum
1149 3989 1178 4034 et
1191 3998 1253 4034 sue·

178 4049 240 4117 pius
257 4051 359 4119 implet.
396 4000 481 4108 gausa
498 4055 580 4108 huius
596 4053 797 4107 distributionis
816 4056 874 4106 anri
892 4053 958 4107 haec
975 4061 1025 4118 est,
1043 4051 1117 4125 quod
1134 4053 1252 4122 impera-

178 4127 223 4171 tor
245 4118 279 4171 de
302 4139 350 4174 suo
375 4133 511 4193 sumptum
531 4125 651 4188 faciens,
678 4142 772 4177 omnes
797 4141 887 4177 secum
905 4124 999 4177 laetari
1026 4140 1134 4194 unaque
1154 4123 1253 4180 festum

177 4187 251 4250 dieu
268 4192 402 4252 utonem
419 4196 532 4272 cupitffl
546 4195 622 4258 Ritus
639 4196 721 4268 igitur
746 4197 777 4254 in
794 4196 968 4256 coronatione
987 4197 1177 4266 imperatorum
1195 4208 1252 4254 ses-
