3000 4742
265 266 323 368 46
668 292 949 361 clurucuznnr

120 458 181 519 be.
194 448 310 533 ιδυοτηό
328 442 387 534 νὲηό
411 445 686 533 προόθυμήθημεν
700 453 840 531 βασιλεῖ,
869 443 1062 537 ἀδικουμένῳ
1083 470 1118 511 τε
1135 446 1208 535 περὶ
1226 447 1284 535 τήν
1300 444 1360 538 ἀρ.

264 543 328 631 χήν
350 546 406 611 καί
420 544 572 611 δεδοικότι
586 546 660 633 περὶ
680 545 716 611 τό
739 550 804 633 ζήν.
835 539 951 613 ἀτοπον
974 539 1048 629 οὖν,
1079 551 1124 636 τῷ
1143 551 1204 631 μὲν
1227 548 1288 615 σόν
1311 556 1358 640 τῷ

190 644 377 734 ῖτὸδικαίιρ
400 644 458 730 τήν
481 645 587 733 ἀρχήν
602 648 835 728 κατακτᾶσθαι,
869 645 922 711 τόν
945 649 967 710 δ
973 651 984 678 ’
1002 647 1119 724 ἀδάιως
1144 648 1358 734 ἀφαιρεῖσθαι

266 745 323 814 καί
336 743 394 830 τήν
417 746 518 830 ζωήν·
542 741 639 808 καόά
658 743 733 829 περὶ
754 743 808 810 τόν
833 748 890 811 ἕνα
911 745 1111 833 πραττόντων
1131 742 1264 832 ἑτέρων,
1290 752 1357 816 τῶν

266 841 474 911 ἀτοπωτάτων
489 843 599 925 δδόκει,
619 843 740 909 τούτων
755 843 962 930 χαλεπώτερα
977 846 1051 930 περὶ
1064 843 1117 911 τόν
1133 846 1240 932 ἕτερον
1253 850 1373 933 ἐξειρ.5

265 946 441 1029 γασμένους
456 940 571 1018 αότοός
587 940 739 1029 όφθήναι,
756 942 812 1007 καί
826 937 931 1029 ιόσπερ
949 945 985 1009 ἐν
1008 946 1111 1027 ζυγοῖς
1130 945 1193 1009 τάν
1212 946 1360 1032 πραγμά.

234 1058 330 1110 litor
346 1045 399 1129 ἐφ’
414 1038 510 1130 ἑτέρῳ
526 1043 616 1128 μέρει
630 1042 863 1127 βαρυνομένων,
882 1043 938 1108 ἐπὶ
950 1040 1009 1127 τήν
1024 1039 1096 1127 ἴσην
1111 1036 1265 1129 ἀμετρίαν
1279 1041 1359 1130 πρός

263 1142 444 1208 τοάναντιόν
468 1134 581 1216 adroic
606 1143 811 1222 καταπιὲσαι,
854 1142 926 1207 δέον
956 1141 1012 1206 ἐπὶ
1033 1139 1069 1205 τό
1091 1138 1159 1207 ἴσον
1179 1137 1358 1228 ἀναγαγεῖν.

264 1241 304 1307 αὖ
333 1238 399 1326 μήν
431 1231 504 1305 οόδὲ
529 1236 566 1304 τό
587 1239 743 1325 δήσαντας
768 1248 935 1327 φρουρεῖν,
969 1242 1027 1305 τοῦ
1051 1235 1135 1319 ἀπαξ
1157 1242 1357 1328 ἡμερώτερον

264 1341 451 1406 ἀποκτεῖναι.
478 1348 541 1416 τοῖς
557 1336 618 1425 γάρ
635 1340 671 1404 όν
684 1335 756 1403 ἔθει
772 1341 830 1403 τοῦ
847 1341 1085 1425 θεραπεύεσθαι
1099 1341 1154 1404 καί
1168 1342 1399 1428 deponenti-to

268 1444 365 1522 σθαι,
385 1437 599 1527 φοβερώτερον
612 1440 670 1502 τοῦ
685 1438 875 1520 ἀποθανεῖν,
895 1436 932 1503 τό
947 1444 1022 1525 παρ’
1032 1437 1124 1518 ἀξίαν
1139 1452 1356 1526 κακοπραγεῖν.

265 1537 316 1611 διό
327 1537 383 1604 καί
397 1537 505 1603 πολλοὶ
516 1539 581 1603 τάν
591 1537 798 1620 όμνυυμένων
813 1535 900 1624 παρό
918 1538 1094 1620 Ῥωμαίοις
1107 1538 1355 1627 αὐτοκρατόρων,

262 1642 382 1722 μᾶλλον
397 1640 514 1703 siluero
537 1637 729 1720 ἀποθανεῖν,
759 1632 909 1722 ήζάντες
927 1639 1067 1725 αἰσχρῶς
1092 1638 1252 1705 δουλεύειν
1276 1636 1356 1706 ἀτυ.

264 1740 418 1826 χήσαντες
437 1738 511 1823 περὶ
524 1734 582 1813 τάς
596 1736 721 1820 μάχας·
747 1735 804 1801 καί
816 1734 917 1824 χωρίς
932 1740 968 1802 δὲ
983 1739 1119 1818 τούτων,
1137 1735 1172 1803 τό
1189 1736 1275 1824 παρό
1288 1743 1355 1806 τῶν

260 1838 414 1927 ’φυλάκων
430 1834 474 1911 ἀς
491 1835 634 1923 δεσμώτῃ
658 1833 877 1922 προσεχόντων
900 1836 1161 1923 περιυβριζεσθαι
1181 1835 1236 1900 καί
1249 1839 1396 1908 locrio-15
1498 1852 1499 1855 ’

183 1941 406 2026 Ηλρεῖοθαι,
433 1933 547 2010 παντός
562 1929 665 2019 ἀνείη
682 1933 859 2021 πικρότερον
874 1930 985 2013 όδατος
1003 1932 1128 2019 Στυγός.
1157 1933 1203 2002 ἔτι
1221 1938 1242 2001 δ
1248 1943 1258 1968 ’
1275 1937 1335 2002 οάδ
1341 1942 1352 1968 ’
1498 1932 1499 1959 ’

261 2032 439 2123 ἀσφάλειαν
458 2030 533 2118 ήμῖν
558 2035 690 2117 παρέχει
711 2030 748 2098 τό
765 2034 918 2120 δήσαντας
941 2044 1102 2120 φρουρεῖν.
1140 2030 1181 2100 ἀν
1194 2034 1256 2121 γὰρ
1273 2033 1352 2125 ὅτῳ.

262 2137 364 2222 δήτινι
381 2130 483 2220 τρόπιρ
501 2130 651 2218 δυνηθείη
665 2130 705 2196 od
730 2130 831 2214 δεσμό
855 2134 1039 2220 διαφυγεῖν,
1067 2127 1141 2221 ὅπερ
1162 2134 1238 2220 ήμῖν
1253 2138 1351 2222 πρόσ.

260 2258 325 2299 εστι
343 2235 418 2315 νῦν,
434 2227 490 2311 ,τό
506 2232 674 2307 δοκοῦντας
698 2225 879 2296 ἀδικεῖσθαι
901 2235 1101 2318 καρποῦσθαι
1124 2230 1180 2318 τήν
1201 2232 1351 2300 ἀπόντων

259 2326 394 2414 εόνοιαν,
415 2330 521 2418 ἐκείνην
538 2328 765 2415 περιστήσεται,
782 2334 837 2395 καὶ
850 2333 1058 2418 σφοδρότερον
1073 2332 1250 2418 πολεμήσει,
1265 2359 1392 2415 συγ-ιο
1497 2366 1498 2399 r

258 2430 373 2515 μάχυις
387 2429 563 2516 προθόμυις
581 2430 636 2492 κατ’
650 2436 715 2505 τοῖς
735 2428 903 2515 περιυάιοις
918 2432 1091 2517 βαρβάροις
1108 2433 1164 2495 καί
1174 2432 1351 2513 Ῥωμαίοις

256 2529 425 2615 χριόμενος.
455 2521 506 2593 ότε
527 2525 634 2591 τοίνυν
667 2525 702 2593 τό
729 2530 790 2610 μὲν
813 2528 992 2595 ἀποκτεῖναι
1017 2530 1198 2615 ἀλαστόρων
1221 2534 1276 2596 κατ’
1290 2534 1351 2597 ἀν..

258 2628 422 2718 δροφόνων
436 2624 598 2709 ἐπιτιμίαν
616 2626 655 2692 osi
670 2626 766 2710 μόνον
782 2628 868 2715 ήμῑν,
889 2626 969 2696 ἀλλά
987 2632 1042 2694 κατ’
1060 2629 1168 2696 παισίν
1183 2630 1348 2718 ἡμετέροις

257 2802 360 2856 stitiam
378 2807 517 2872 respectu,
534 2796 682 2851 studiosius
699 2798 734 2851 ud
750 2802 940 2871 opitulandum
954 2804 981 2856 ei
995 2802 1176 2866 incubuimus,
1232 2805 1241 2855 i
1261 2812 1290 2857 et
1309 2803 1346 2857 de

257 2875 373 2944 imperio
403 2881 433 2925 et
456 2869 491 2923 de
514 2871 570 2923 rite
594 2870 736 2922 lsborsret
773 2871 926 2925 Absurdum
945 2882 987 2927 est
1004 2875 1102 2944 igitur,
1118 2873 1184 2926 huic
1199 2883 1272 2926 ruste
1289 2878 1345 2927 im·

256 2946 364 3017 perium
387 2941 543 3004 vindicare,
567 2939 611 2993 llll
632 2942 734 2993 iniuste
763 2944 845 2995 etium
868 2945 951 2997 ritem
972 2946 1093 3015 eripere,
1114 2954 1143 2998 et
1159 2962 1243 3016 quae,
1269 2947 1291 2998 sl
1313 2949 1346 2999 in

256 3017 340 3067 ulium
358 3012 563 3084 designarentur
579 3012 614 3064 sb
631 3011 707 3076 aliis,
725 3011 910 3066 crudelissima
928 3015 1102 3079 duceremus,
1121 3017 1157 3068 iis
1174 3017 1262 3068 multo
1280 3033 1344 3068 cru·

257 3085 361 3138 ‹leliora
379 3102 428 3136 nos
446 3086 520 3154 ipsos
539 3085 569 3136 in
589 3084 778 3153 imperatorem
794 3084 960 3139 machinatos
978 3085 1080 3140 videri:
1099 3096 1128 3140 et
1143 3088 1219 3140 velut
1235 3089 1266 3138 in
1284 3096 1345 3140 tru-

257 3156 334 3218 tinu,
360 3156 441 3208 rebus
466 3156 496 3206 in
513 3171 567 3206 una
590 3154 667 3206 leuce
685 3154 910 3225 devergentibus,
933 3157 1102 3210 adsimilem
1120 3159 1345 3228 inaequalitatem

257 3243 291 3277 ex
309 3226 442 3277 contrariu
468 3231 544 3294 purte
568 3224 679 3276 alteram
696 3225 799 3278 lancem
817 3225 851 3279 de
872 3229 987 3292 timere,
1015 3245 1075 3280 eum
1091 3229 1181 3281 smbns
1198 3230 1290 3298 potius
1307 3229 1343 3282 sd

256 3295 448 3367 aequilibrium
466 3310 626 3363 componere
645 3294 798 3349 debeamus.
860 3314 891 3350 ec
906 3314 969 3351 vero
986 3300 1080 3352 mitius
1101 3316 1162 3352 eum
1178 3299 1343 3352 habebimus

256 3368 280 3418 si
303 3369 421 3418 vinetum
445 3367 474 3416 iu
499 3362 647 3417 custodiam
674 3367 827 3429 trudemus,
854 3386 935 3439 quem
961 3371 984 3422 sl
1010 3371 1095 3423 semel
1122 3370 1341 3441 iugulaverimus.

256 3436 314 3507 Qui
330 3439 402 3489 enim
419 3445 473 3487 tum
491 3433 606 3487 officiose
624 3437 687 3498 coli,
704 3438 887 3508 satellitioque
900 3456 956 3491 sem
977 3456 1007 3492 er
1022 3443 1116 3512 stipari
1130 3449 1342 3503 consueverunt,

257 3508 294 3559 iis
311 3506 444 3578 dignitate
462 3522 508 3557 sun
526 3505 615 3558 orbari
638 3515 721 3579 atque
742 3507 777 3561 ad
798 3510 932 3562 miseriam
949 3457 1076 3575 detrudi,
1093 3520 1179 3564 morte
1197 3513 1256 3582 ipse
1273 3511 1341 3563 lror-

255 3578 365 3630 ribilius
392 3586 443 3632 est.
486 3577 558 3628 Hinc
586 3572 678 3646 plures
696 3579 874 3631 Romanorum
882 3582 1071 3650 imperatores,
1090 3598 1204 3654 quorum
1222 3582 1340 3634 celebris

256 3657 299 3701 est
315 3647 387 3719 apud
405 3655 527 3718 posteros
542 3649 680 3710 memorie,
694 3648 804 3718 praeliis
822 3652 864 3703 usi
881 3650 1008 3714 adversls,
1025 3655 1104 3717 morl,
1122 3670 1202 3724 quam
1218 3655 1274 3705 riri
1292 3656 1339 3705 in·

255 3719 337 3790 digne
346 3722 445 3772 servire
453 3717 612 3770 maluerunt
633 3717 800 3772 Praeteresa
817 3721 983 3787 custodibus,
1001 3731 1033 3777 ut
1042 3724 1077 3777 ad
1088 3725 1207 3778 vinetum
1216 3724 1340 3787 attentis,

253 3790 353 3923 Ξὲῗόῗ
361 3789 1338 3935 ‘illl'titulusita?'tilliititiltttlll³53⁰·

253 3949 289 4002 pe
299 3931 322 3983 si
331 3878 389 3984 τόξα
402 3876 493 4001 εΙίηιόε
502 3929 566 3984 inde
579 3931 684 4052 εΙπρεοτ
695 3899 790 3995 fuerit:
803 3933 877 4003 quod
890 3933 973 3988 bodie
985 3935 1092 3990 abunde
1101 3937 1182 3991 datur
1192 3883 1341 3998 nobindl,

216 4032 222 4057 r
253 4019 313 4054 eum
330 4003 425 4073 inique
441 4001 616 4053 nobiseumvl
637 4010 713 4054 eatur
726 4012 833 4064 uctum,
854 4007 974 4058 omnium
992 4007 1082 4061 farore
1095 4026 1126 4061 sc
1142 4009 1338 4061 benevolentis

250 4072 441 4199 little
454 4070 882 4198 ‘ttilllzll‘et‘liit¹⁸
895 4075 1017 4200 llil}
1030 4078 1339 4219 '‘ttltttsstttz‘

251 4213 298 4269 dio
322 4214 420 4270 tollere
445 4181 635 4289 imperatorem
662 4215 744 4270 nobis
769 4164 1039 4293 literud’uegunortrts
1060 4168 1225 4277 nebridium
1250 4228 1339 4292 atque·
