3000 4742
255 199 339 284 310
490 174 497 186 ’
653 217 930 285 marsorum

255 381 317 436 etna
323 372 593 499 pmaups,fillansm
600 372 691 429 altera
700 376 730 427 ei
740 372 887 445 desponsa,
896 371 1051 429 nanum.
1071 372 1213 443 wiron
1225 385 1254 431 et
1263 392 1334 446 oua·

255 452 292 503 u,
301 450 353 502 itta
367 465 392 501 m
423 445 573 516 serjiserit,
583 445 738 514 exponitur.
760 444 824 496 Duo
835 442 917 499 duces
934 445 965 495 in
974 445 1163 498 Acarnaniam
1174 461 1234 497 cum
1243 449 1332 516 copiis

256 521 414 579 mittuntur,
428 515 577 584 imperator
586 531 614 565 se
635 514 712 566 uitur
721 525 749 565 et
762 513 803 565 ibi
808 513 867 567 eius
881 512 1015 584 actam)
1043 516 1162 568 Artaeos
1169 511 1333 570 domesticus

257 602 287 645 us
296 586 470 659 praefractos
480 532 671 653 reprehendit:
682 593 816 653 quantum
830 580 1062 656 damnisecerint,
1073 580 1209 637 ostendit·
1226 586 1333 655 gravia

257 652 529 723 comminaturus).-
555 651 783 720 lilsogioseontra
799 652 1084 707 eorumeontumelias
1104 651 1164 725 dese
1204 653 1233 706 it.
1271 659 1333 722 Quo

258 731 321 784 iure
330 725 493 780 Acarnania
503 724 685 776 Romanorum
694 723 740 783 sit,
760 719 968 776 demonstratur.
989 724 1089 775 Artaei
1099 740 1128 776 se
1143 719 1253 776 dedunt.
1280 725 1335 777 lm·

257 808 373 868 perator
381 808 408 849 et
415 794 514 845 milites
521 791 615 843 morbo
622 789 790 861 affliguntur
798 792 863 862 (36)
892 792 1158 846 Tbomoeastriorum
1171 791 1289 856 obsidio,
1306 805 1335 847 et

257 884 350 921 eorum
360 862 486 934 superbia
495 876 577 932 atque
587 864 769 914 contumacia.
787 860 830 915 dd
839 860 1004 915 deditionem
1014 880 1059 915 eos
1069 858 1230 915 domesticus
1235 862 1336 916 celsor-

258 948 337 989 tstur
352 947 381 987 et
401 950 433 986 eo
452 949 535 1003 scopo
549 949 608 984 cum
617 928 779 1000 paedagogo
798 949 907 1003 quoque
919 932 1056 1001 principis
1064 932 1147 1001 pueri
1155 970 1163 995 ,
1182 934 1247 985 viro
1263 950 1334 1002 pru-

258 1005 340 1059 dente
359 1018 393 1056 ac
400 1001 499 1065 nobili,
518 1002 586 1069 agit.
621 998 666 1052 Ad
678 1000 827 1054 concilium
840 1019 884 1056 res
897 1001 1022 1073 refertur.
1039 999 1153 1054 Deditio
1166 998 1333 1055 decensitur.

259 1071 512 1128 Laudenturama
534 1088 570 1123 no
584 1068 801 1139 domesticam)
836 1071 876 1124 Ab
886 1073 1049 1140 imperatore
1062 1069 1333 1143 bonorificeaccipi-

259 1156 354 1200 untur.
390 1143 490 1209 Magni
504 1087 733 1221 dbmesticifilius
748 1138 907 1193 Matthaeus
923 1140 1134 1195 lisessalonicae
1145 1140 1334 1196 Demetriide·

256 1226 351 1286 spotae
360 1209 457 1283 filiam
466 1226 577 1264 uxorem
589 1205 683 1264 ducet:
699 1210 881 1281 Apocauclsus
894 1209 1073 1263 monachismi
1083 1210 1335 1284 profitendijacul·

258 1296 341 1337 tatem
357 1291 452 1352 rogat.-
475 1282 534 1334 eius
547 1277 679 1331 voluntas
692 1281 864 1350 exploratur·
901 1280 1019 1333 Classem
1034 1293 1133 1333 contra
1149 1282 1246 1335 Persas
1255 1282 1336 1352 piro-

257 1367 301 1407 tes
314 1350 391 1422 petia
425 1349 493 1402 Esse
511 1351 643 1419 ignavum
665 1359 693 1399 et
707 1349 856 1417 improbum
872 1350 1025 1415 bominem,
1051 1351 1199 1420 imperator
1210 1350 1338 1405 domesti-

259 1439 319 1476 cun
332 1431 431 1471 mones.
468 1419 560 1471 Datur
577 1419 687 1470 elassis:
710 1432 826 1488 apparet
848 1421 907 1473 eius
918 1419 1004 1490 sraus
1022 1431 1050 1473 et
1065 1419 1215 1475 calliditas.
1251 1422 1337 1475 Urbes

259 1503 287 1546 et
303 1489 434 1550 castella,
457 1503 528 1558 quae
543 1487 646 1556 partim
660 1490 857 1551 construxerit,
876 1489 979 1560 partim
992 1491 1162 1543 instaurarit
1175 1493 1334 1561 imperator,

259 1554 508 1626 messanenses)
543 1557 708 1608 Barlaamus
733 1557 884 1611 monacbus
908 1559 1028 1612 Calaber
1045 1559 1141 1615 turbas
1159 1560 1336 1614 lbessaloni·

260 1626 384 1689 caedat.
420 1625 549 1696 Gregorii
564 1626 695 1679 l'alamae
720 1639 746 1680 et
754 1627 880 1699 flatrum
898 1631 955 1683 eius
979 1630 1080 1685 virtus.
1113 1633 1245 1684 Morietur
1262 1635 1334 1686 Bar·

259 1701 384 1757 loamses,
408 1712 442 1748 ne
469 1693 662 1748 monaeborum
677 1697 834 1748 institutum
850 1699 984 1751 convitiis
1007 1699 1123 1753 taceres.
1154 1701 1197 1753 De
1218 1700 1333 1762 lumine,

260 1765 338 1843 quod
353 1764 508 1837 aliquando
521 1778 632 1819 sanctos
650 1765 729 1818 viros
744 1766 947 1836 circumfisndit„
983 1767 1050 1821 Item
1066 1766 1217 1823 delumine
1232 1771 1338 1824 Cleriste'

260 1835 458 1907 transfigurati
475 1836 506 1885 in
519 1847 609 1888 monte
628 1833 751 1898 Thabor,
770 1853 829 1889 cum
844 1840 934 1890 oculis
950 1840 1089 1909 corporeis
1104 1852 1273 1908 conspectum
1289 1843 1335 1901 sit,

233 1898 237 1903 ¹
261 1924 301 1960 an
316 1908 468 1957 increatum
476 1901 579 1974 suerit.
614 1902 778 1957 Barlaamus
794 1919 896 1976 negot,
915 1920 941 1960 et
960 1908 1026 1960 bene
1042 1909 1222 1980 quidem(39p
1259 1912 1334 1963 Con·
1412 1944 1421 1952 -

261 1989 308 2029 tra
323 1992 382 2028 eum
398 1969 528 2039 Synodus
539 1975 664 2042 cogitur,
687 1976 735 2026 cui
744 1975 900 2044 respondet.
935 1978 1018 2032 Canit
1027 1977 1201 2046 palinodiam
1213 1982 1336 2034 Barlaa-

261 2062 340 2104 saus,
359 2042 407 2093 cui
419 2042 525 2111 petenti
538 2042 623 2095 venia
641 2040 742 2096 datur:
764 2058 791 2098 et
809 2045 894 2098 datur
910 2061 970 2098 cum
983 2047 1191 2116 significatione
1208 2048 1335 2101 caritatis

261 2112 382 2181 egregia.
417 2111 514 2165 Novas
535 2111 630 2164 turbas
651 2115 706 2166 ciet
731 2115 790 2167 eius
813 2113 967 2184 discipulae
985 2119 1134 2184 Gregorius
1152 2118 1333 2185 Acindynus,

262 2184 313 2253 qui
326 2181 417 2232 altera
433 2178 543 2248 Synodo
558 2192 655 2233 coacta
673 2181 830 2237 damnatur.
864 2184 1042 2253 Imperatoris
1056 2185 1172 2239 morbus.
1205 2193 1336 2259 Apocau-

263 2251 329 2302 cleas
344 2266 471 2316 magnum
487 2248 659 2304 domesticum
671 2251 818 2314 sollicitat,
840 2266 873 2306 ut
885 2256 1008 2325 insignio
1019 2258 1200 2325 imperatoria
1216 2270 1337 2312 assumat

263 2334 290 2373 et
308 2331 339 2371 ut
353 2317 443 2387 filium
459 2335 490 2370 eo
510 2317 637 2385 inducatp
655 2332 766 2373 matrem
782 2340 889 2394 quoque
902 2335 1002 2379 tentat.-
1018 2323 1068 2379 sed
1085 2327 1119 2378 ab
1136 2328 1259 2398 utrisque
1269 2329 1337 2381 reii-

263 2392 345 2441 citur.
380 2387 470 2440 Seram
485 2383 629 2441 domestici
641 2406 701 2441 cum
717 2395 799 2443 Anna
812 2392 994 2460 imperatrice,
1012 2408 1039 2448 et
1052 2396 1088 2446 im
1108 2399 1227 2450 eratoris
1240 2416 1274 2451 ea
1283 2398 1336 2452 leae

263 2459 325 2511 luce
339 2457 553 2526 emigratioffio).
590 2457 758 2528 Singularia
782 2472 809 2512 et
833 2462 961 2529 inprimis
988 2414 1127 2518 notabilia
1145 2469 1176 2520 in
1197 2467 1247 2522 boc
1262 2469 1336 2521 libro

262 2539 329 2581 sunt
352 2524 435 2579 baec:
460 2527 583 2597 esempia
605 2529 734 2580 caritatis
749 2546 783 2581 ac
798 2531 899 2584 veniae
918 2534 949 2585 in
967 2535 1111 2597 inimicos,
1141 2537 1239 2608 qualia
1262 2538 1335 2591 libro

261 2597 351 2668 primo
369 2597 400 2646 in
411 2598 544 2664 pecuaria
559 2597 709 2665 Syrmpono
728 2610 755 2650 et
771 2599 934 2671 imperatore
951 2604 1061 2658 iuniore
1077 2605 1210 2659 aduersus
1226 2607 1335 2678 penby-

262 2664 444 2737 persebastusn
460 2665 580 2738 mirifica
597 2664 651 2719 duo
670 2667 810 2733 vidimus,
833 2684 860 2723 et
880 2690 988 2725 rursum
1010 2676 1082 2728 libro
1101 2678 1184 2729 tertio
1200 2675 1336 2751 quaedam

265 2735 366 2789 eximia
377 2734 528 2788 videbimus
533 2756 545 2802 p
569 2747 609 2788 tot
624 2737 769 2789 Persarum
785 2741 964 2812 irruptiones,
981 2745 1080 2817 quibus
1094 2763 1138 2798 res
1150 2764 1253 2817 semper
1265 2749 1335 2801 mals

265 2806 366 2870 cessitp
391 2804 550 2876 testificatio
576 2807 700 2859 crebrior
726 2821 754 2860 et
776 2808 962 2878 iraoytoedtp
992 2817 1094 2869 amoris
1112 2817 1336 2886 incomparabilis

266 2877 341 2928 inser
353 2874 542 2943 imperatorem
556 2887 582 2927 et
595 2893 721 2943 magnum
740 2876 933 2948 domesticump
957 2884 1131 2955 imperatoris
1149 2888 1255 2939 morbus
1272 2905 1337 2958 gra·

266 2943 394 2998 missimus
409 2958 437 2998 et
451 2943 552 2998 divina
563 2946 772 3017 perDeiparam
786 2955 915 3018 sanatio‚·
930 2953 1096 3019 Syraiannis
1107 2956 1275 3018 coniuratio,
1293 2961 1337 3011 iu·

268 3013 381 3075 dicium,
397 3013 550 3068 trucidatio
559 3033 571 3082 ‚·
599 3015 693 3078 Chius,
713 3016 824 3081 lesbus,
841 3023 1005 3075 Acarnania
1021 3039 1217 3095 recuperatae,·
1241 3045 1335 3079 mona·

268 3083 364 3137 ebismi
376 3084 550 3153 praeclarum
572 3085 721 3157 aliquoties
734 3092 901 3153 encomium,
927 3104 957 3144 ut
973 3096 1057 3149 etiam
1071 3113 1152 3164 saepe
1166 3096 1198 3148 in
1212 3099 1296 3149 tertio
1311 3109 1338 3151 et

266 3164 369 3222 quarto
378 3154 563 3221 potissimum
578 3158 717 3209 contentio
726 3159 872 3219 Barlaami
884 3178 944 3215 cum
957 3162 1097 3220 monacbis
1115 3166 1230 3219 Graecis
1244 3178 1272 3220 et
1284 3168 1338 3237 Sy·

267 3218 337 3275 nodi
349 3219 438 3292 deae,
454 3224 629 3294 imperatoris
647 3244 661 3280 e
675 3226 737 3280 vita
751 3225 894 3289 discessus.

660 3371 949 3393 Μ

124 3557 191 3615 ΜΞ·
204 3557 268 3612 ¹³2⁸
347 3543 393 3627 α’(
414 3512 483 3620 Ἀ
506 3567 566 3647 μὲν
593 3557 650 3632 oo's
676 3567 852 3651 nolsplosiol
868 3592 901 3637 ss
922 3570 1064 3656 ἀλλήλοις
1083 3577 1149 3650 τοῖς
1172 3574 1337 3657 βασιλεῦσι

181 3654 325 3723 enonas*
340 3658 458 3741 μεταξὺ
479 3665 745 3746 διαλλαττομένοις
765 3669 912 3755 ἐπράχθη
931 3674 1001 3749 μετ’
1022 3670 1180 3756 ἀλλήλων,
1202 3671 1334 3738 τοιαῦτά

174 3764 206 3821 V.
216 3757 346 3823 seston·
360 3757 416 3825 aba
431 3759 467 3824 bl
484 3752 571 3826 εἶναι’
581 3785 636 3844 μοι
651 3763 738 3828 δοκεῖ
749 3765 857 3833 λοιπὸν
872 3766 1128 3853 διηγητέονκαίοἳ
1144 3768 1188 3857 τῷ
1198 3769 1338 3858 νέῳἈν-

326 4011 348 4053 ι.
380 3922 486 4050 Quae
509 3997 545 4051 sb
570 3999 777 4069 imperatoribus
798 4002 872 4058 bello
897 4009 991 4058 mutuo
1017 4020 1051 4075 pa
1123 4003 1338 4076 eredlnlegesta

271 4071 344 4132 assis
358 4065 428 4130 sint,
447 4060 661 4136 'explanavimue
696 4071 826 4143 Sequitur
843 4081 875 4126 nt
890 4089 960 4146 quae
977 4021 1270 4138 lonioffidsoaicam
1295 4083 1339 4128 to·

270 4134 324 4188 tias
342 4135 395 4190 isa
420 4144 518 4210 poleas
535 4139 644 4211 imperii
665 4156 785 4199 soomm
802 4145 967 4216 pauererit,
990 4158 1149 4202 menemus.
1184 4144 1236 4200 Die
1253 4145 1337 4199 diona
