3000 4742
249 203 309 315 9⁶
647 230 923 307 mortuoram

107 381 337 455 λαπλυιεῖυαι
351 389 475 477 κρίνων,
495 387 531 453 τό
551 388 581 451 δ’
597 390 632 455 έν
650 397 721 469 ταῖς
746 385 909 479 εότυχιθιις
926 394 1092 483 φυσᾶσθαι
1110 395 1167 465 καί
1182 399 1329 491 μεῖζονῆ

251 488 400 575 προσήκει
428 496 573 575 φρονεέν,
601 481 736 570 ἀμαθῶν
763 496 819 557 καί
832 497 1000 580 θρασέων,
1031 493 1162 577 ὁμοίους
1182 502 1218 563 δὲ
1240 499 1275 566 ἔν
1291 527 1328 567 τε

249 597 317 664 τοῖς
338 588 449 661 δεινοῖς
471 577 552 650 εἶναι
570 583 705 664 καὶτοῖς
721 590 884 674 ἐναντίοις,
908 592 1063 679 ἀνδρείων
1081 595 1137 659 καί
1149 600 1221 660 νοῦν
1235 596 1326 682 ἑχόν-

248 710 322 767 των,
339 680 413 748 aiut
426 678 472 747 δι’
487 684 676 772 ἐδικαζόμην
688 686 776 774 παρὰ
794 688 848 754 σοί
861 694 964 779 κριτῇ,
983 694 1132 775 βασιλεῦ,
1153 695 1252 785 δειλίη
1262 697 1326 762 τινί

246 780 380 869 ληφθείς
394 778 498 865 ἔλεγον
515 777 595 868 ἅπερ
613 778 721 869 εἶπον,
739 786 981 875 ὑποκρινόμενος
997 789 1054 876 την
1068 788 1230 878 ἀλήθειαν,
1252 788 1346 879 οὔτις

247 885 314 963 νῦν,
335 874 380 945 ὅτ’
399 880 434 945 έν
446 880 491 968 τῷ
508 874 649 969 ἀσφαλεῖ
654 886 737 950 δοκῶ
742 885 941 971 καθεστάναι,
961 891 1050 976 ἕτερα
1066 894 1243 978 φθέγξομαι
1260 897 1323 960 τῶν

246 981 425 1066 προτέρων,
457 974 526 1045 ἀλλ’
546 983 602 1047 ἐπέ
623 983 767 1071 μάρτυρι
794 984 889 1051 πόλιν
915 990 1091 1075 φθέγγομαι
1109 994 1154 1081 τῷ
1168 995 1248 1082 θεῷ,
1279 994 1323 1070 ὥς

219 1079 342 1148 astuto
366 1080 491 1168 ἐμαυτῷ
513 1078 645 1147 σόνοιδα
673 1085 737 1150 τάν
765 1085 1016 1172 ἐγκαλουμένων,
1038 1084 1114 1155 aiot
1133 1115 1166 1156 τι
1178 1096 1323 1160 τοιοῦτον

244 1175 449 1265 ἡμαρτηκότι,
470 1174 546 1244 ὥστ’
563 1181 609 1256 είς
623 1180 780 1270 τοσαόιην
793 1183 967 1271 ὑπερβολήν
981 1180 1075 1274 ἀργῆς
1085 1189 1143 1275 την
1156 1189 1215 1278 σὴν
1225 1199 1322 1279 γαλη.

243 1277 358 1363 νότητα
383 1277 535 1366 ἐρεθίσαι.
562 1275 598 1343 τό
618 1283 680 1361 μὲν
701 1274 758 1349 οόν
777 1283 822 1361 εἰς
845 1282 1014 1369 διαλλαγεὶς
1031 1291 1174 1375 χωρῆσαι
1195 1294 1250 1357 καί
1264 1289 1362 1378 trivio

241 1378 394 1475 πατρικήν
412 1368 576 1466 εόμένοιαν
596 1373 694 1456 αὖθις
715 1375 990 1468 ἀνακαλέσασθαι,
1017 1384 1114 1472 εάχῆς
1136 1386 1225 1475 ἔργον
1239 1394 1322 1473 ἐμοί.

240 1490 299 1555 νόν
322 1486 360 1552 δέ
384 1474 554 1550 ἀδυνάτου·
570 1481 761 1570 φαινομένου
782 1485 840 1547 τοῦ
857 1485 957 1548 εἰπεῖν
982 1510 1014 1549 τι
1040 1487 1162 1574 καίριον
1181 1482 1202 1574 ἢ
1226 1515 1322 1556 κατα-

239 1588 421 1673 πρόξασθαι
452 1580 506 1647 διδ
521 1574 579 1667 τὴν
591 1575 724 1661 ἀταξίαν
740 1583 798 1666 τῆς
811 1583 963 1669 στρατιᾶς
978 1582 1095 1668 πολλήν
1112 1610 1183 1652 τινα
1198 1612 1321 1677 γεγενη-

238 1688 352 1771 μένην,
373 1681 418 1759 oie
434 1676 498 1747 ἀπό
514 1683 579 1747 τῶν
597 1682 759 1768 πρέσβειον
780 1677 929 1770 μαθήσῃ,
950 1686 1019 1747 κατ’
1040 1683 1179 1767 ἐμαυτόν
1196 1690 1322 1754 διασκε-

239 1783 399 1869 ψάμενος,
420 1779 490 1846 ἐπεὶ
510 1783 565 1845 καί
591 1777 648 1867 τὴν
666 1777 726 1866 ση“ν
741 1777 892 1865 βοόληοιν
908 1776 1086 1867 ἐπυθόμην,
1106 1788 1207 1851 ταῦτα
1225 1797 1360 1862 κατα-ιδ

238 1882 405 1971 πράξομαι,
425 1876 505 1966 ὅπερ
523 1871 562 1944 ἀν
582 1875 698 1965 ἥδιστα
719 1878 774 1945 καί
781 1873 867 1968 αὐτῷ
885 1877 938 1945 σοί
949 1884 1094 1967 φανείη.”
1114 1895 1179 1963 τοῖς
1202 1890 1263 1968 μὲν
1278 1888 1317 1974 δὴ

238 1984 390 2069 πρέσβεσι
405 1979 537 2044 τοιαῦτα
559 1976 739 2062 διαλεχθείς
753 1976 771 2041 ό
786 1977 956 2060 βασιλεὺς,
979 1978 1034 2045 καέ
1046 1992 1199 2069 χρησταῖς
1214 1988 1318 2054 ἐλπίσι

238 2081 441 2165 μετεωρίσας,
471 2079 504 2154 ἐς
525 2073 702 2156 Βυζάντιον
730 2078 871 2143 ἐκέλευεν
901 2077 1117 2167 ἀναστρέφειν.
1147 2087 1181 2149 οἳ
1199 2084 1237 2172 δὴ
1265 2094 1320 2156 καί

209 2174 429 2266 ράφικόμενυι
450 2174 530 2262 πρός
543 2180 694 2258 βασιλέα,
715 2178 772 2240 καί
791 2174 848 2261 τήν
865 2178 905 2256 ᾗτε
924 2180 981 2261 τῆς
997 2186 1149 2265 στρατιᾶς
1165 2184 1246 2272 όιιὲρ
1261 2192 1318 2254 τοῦ

237 2281 310 2344 νέου
322 2278 476 2359 βασιλέως
493 2271 635 2359 σπουδήν
650 2297 683 2337 τι
703 2274 958 2362 καὶαρσθυμίαν,
976 2275 1033 2341 καί
1052 2277 1108 2364 τὴν
1128 2285 1196 2347 κατ’
1214 2280 1358 2358 airam

240 2372 345 2461 όρμῆν
359 2377 415 2440 καί
432 2371 550 2455 μανίαν
568 2366 808 2457 ἀπηγγελκότες,
829 2367 887 2437 οόκ
907 2369 1010 2459 ὀλίγην
1022 2377 1206 2466 ἐνεποίησαν
1220 2408 1317 2472 ταρα-

238 2477 309 2561 χήν·
329 2468 387 2539 εἶτ’
405 2464 501 2549 αὖθις
519 2475 574 2537 καί
586 2481 651 2549 τοῖς
668 2473 725 2537 τοῦ
740 2475 812 2537 νέου
833 2475 987 2556 βασιλέως
997 2477 1192 2562 χρησόμενοι
1205 2480 1318 2569 λέγοις,

237 2572 478 2660 παρεσκεύασαν
497 2566 690 2667 χρηστότερα
717 2572 859 2650 ἐλπίζειν.
894 2570 984 2637 ἔνδον
1014 2578 1122 2654 μέντοι
1142 2584 1197 2646 καί
1219 2577 1318 2649 αὐτοῦ

237 2670 413 2753 Βυζαντιόυ
450 2668 490 2735 τοὶ
519 2660 579 2752 μέν
610 2672 667 2735 τοῦ
696 2669 768 2736 νέου
796 2674 952 2754 βασιλέως
978 2663 1092 2768 ηὔξανε
1115 2679 1239 2770 σφόδρα
1264 2682 1320 2749 καὶ

308 2840 331 2877 r.
362 2825 452 2895 κρίνω
470 2822 540 2875 male
558 2824 629 2875 coni.
654 2823 709 2878 ΕΙ).
726 2824 764 2885 P„
786 2839 847 2875 cunr
866 2824 924 2875 sola
941 2823 1161 2892 interpunctione
1178 2822 1253 2875 locus
1272 2821 1315 2873 la-

304 2892 433 2958 boraret,
453 2909 524 2966 quae
544 2894 610 2948 olim
627 2901 691 2964 port
706 2896 839 2966 θρασέων
855 2901 884 2946 et
900 2890 1026 2962 ἐχόντων
1042 2894 1124 2964 plena
1142 2900 1207 2946 erat.

237 3030 350 3086 fortium
369 3037 451 3102 atque
470 3027 652 3114 prudentium
668 3027 723 3081 ribi
748 3026 844 3080 videri.
888 3029 983 3099 Itaque
1002 3022 1032 3080 se
1053 3043 1145 3100 neque
1162 3044 1219 3082 eum
1243 3029 1315 3097 apud

237 3105 327 3171 iprum
336 3116 442 3154 eausam
449 3097 561 3163 diceret,
578 3101 677 3151 timore
689 3099 782 3170 aliquo
794 3102 928 3161 affectum,
945 3100 1071 3152 simulata
1078 3101 1200 3163 veritate,
1215 3098 1314 3153 dixisse

277 3188 309 3223 ae
322 3171 440 3225 dixerit:
456 3186 644 3239 aequumne,
663 3167 772 3238 quaudo
793 3186 821 3220 ae
832 3177 921 3221 tutum
936 3169 1079 3234 existimet,
1097 3169 1314 3239 priorumalieaa

260 3242 390 3308 'eturum;
417 3238 464 3291 sed
481 3256 573 3291 rursus
586 3239 668 3292 deum
686 3245 784 3291 testem
803 3241 959 3309 appellare,
981 3239 1084 3291 nullior
1100 3240 1237 3290 conscium
1257 3255 1314 3293 esse

237 3327 309 3384 quae
324 3311 378 3362 sibi
398 3308 507 3362 obiecta
526 3309 582 3360 sint
604 3311 762 3361 criminum:
789 3326 878 3380 neque
903 3319 957 3361 tam
975 3312 1091 3361 immane
1108 3311 1194 3360 ullum
1210 3310 1314 3362 focinus

238 3380 392 3443 admisisse,
411 3387 443 3431 ut
460 3381 567 3431 iratam
580 3378 727 3431 insanabili
740 3379 798 3430 eiua
815 3382 990 3432 serenitatem
1011 3395 1165 3448 exasperare
1184 3383 1314 3449 potuerit.

237 3451 331 3521 Quare
346 3448 517 3503 concordiam
531 3449 652 3501 resarciri
662 3457 857 3521 paternamque
871 3449 1089 3502 benevolentiam.
1105 3450 1221 3513 restitui,
1238 3459 1316 3519 opta·

236 3528 298 3574 tum
310 3521 363 3573 sibi
381 3528 410 3573 et
421 3536 513 3572 earum
530 3519 659 3572 accidere.
694 3519 796 3572 Verum
812 3521 877 3589 quia
895 3521 925 3572 in
943 3535 1071 3589 praesens
1088 3519 1156 3572 adeo
1178 3522 1315 3572 tumultu-

237 3601 303 3644 ante
317 3592 420 3654 milite,
438 3598 622 3661 opportunum
640 3588 696 3642 dici
715 3595 764 3642 aut
782 3591 825 3658 agi
846 3589 918 3642 nihil
934 3597 1029 3660 queat,
1051 3598 1082 3641 ut
1102 3591 1212 3660 ipsimet
1231 3593 1314 3659 legati

167 3682 171 3691 *
235 3664 361 3714 tentaturi
375 3661 448 3723 sint,
466 3676 495 3714 se
513 3660 574 3712 eius
594 3657 735 3712 voluntate
751 3660 804 3710 ianr
822 3668 963 3730 perspecta
980 3667 1008 3712 et
1025 3661 1114 3713 auimo
1135 3678 1184 3713 suo
1201 3661 1231 3714 in
1248 3679 1313 3713 con-

236 3733 331 3785 silium
347 3730 487 3794 adhibito,
510 3746 541 3781 ea
558 3729 711 3793 facturum,
734 3745 804 3800 quae
823 3732 912 3799 ipsum
930 3747 1039 3802 quoque
1056 3746 1133 3782 avum
1152 3747 1253 3782 summa
1270 3732 1313 3783 iu-

236 3801 378 3854 cunditate
395 3801 558 3871 compleant.
591 3799 641 3851 rtis
660 3798 748 3863 dietis,
765 3799 867 3869 legatos
886 3816 933 3868 epe
946 3801 1019 3852 bonu
1036 3809 1139 3853 erectos
1155 3802 1314 3868 Byzantium

237 3872 362 3924 remittit.
398 3869 455 3941 Qui
473 3879 506 3923 nt
522 3870 582 3922 seni
599 3870 732 3921 exereitus
751 3871 870 3923 universi
889 3872 1054 3923 alacritatem
1067 3877 1095 3924 et
1116 3871 1235 3923 studium
1252 3887 1313 3940 erga

235 3943 386 4004 iuniorem,
410 3944 440 3994 iu
457 3941 531 4011 ipsos
548 3956 612 3993 vero
632 3940 775 3991 incitatum
793 3941 910 3993 furorem
927 3948 1118 4005 narraverunt,
1140 3940 1314 3993 vehementer

236 4013 317 4065 illum
334 4012 545 4074 conturbarunt,
570 4025 688 4078 moxque
707 4026 835 4078 responso
852 4011 960 4080 nepotis
976 4012 1126 4080 explicato,
1149 4008 1184 4062 ad
1201 4010 1314 4062 meliora

237 4081 371 4153 speranda
387 4087 588 4152 permoverunt.
627 4079 708 4132 Porro
726 4081 757 4132 in
781 4081 840 4151 ipsa
879 4097 970 4151 uoque
991 4081 1059 4133 urbe
1077 4082 1206 4147 Byzautlo
1223 4086 1313 4150 partes

237 4152 354 4208 iunioris
371 4161 401 4208 et
421 4149 590 4223 augebantur
609 4150 723 4206 mirifice
747 4158 776 4204 et
791 4099 1036 4206 corroborabuntur
1061 4152 1174 4206 eximie:
1199 4150 1313 4205 senioris
