3000 4742
494 296 775 363 ursaonnnuu
804 302 844 361 ιι.
865 306 916 371 aa
1094 256 1098 264 ⁵
1152 274 1234 388 497

158 453 346 541 βαρβάρων.
385 452 442 514 καί
468 448 633 526 πλείστους
661 473 695 514 τε
725 449 910 517 ἀπέκτειναν
937 445 1041 519 αὐτόν
1073 451 1128 518 καί
1152 447 1304 520 cliente.
1319 462 1383 516 raas

160 547 389 635 αἰχμαλώτους.
431 541 498 612 όσοι
528 549 564 612 δὲ
584 548 790 634 ἠδυνήθησαν
810 551 978 636 διαφυγεῖν
1004 551 1097 617 τόκνα
1116 553 1171 618 καί
1184 564 1262 633 γυιῦ

159 658 268 725 ναῖκες
289 646 344 713 καί
364 643 421 731 τόν
437 638 534 730 ἄλλην
554 649 662 729 κτῆσιν
678 646 873 728 ἐκλιπόντες,
898 642 959 732 ὅπη
977 652 1032 733 γῆς
1050 646 1236 734 ἐκρύπτοντο

84 774 89 787 ’
159 743 242 834 ἦσαν
273 747 424 832 οἶφανεῖς.
463 751 611 831 γυναῖκας
643 747 679 811 δὲ
716 744 771 810 καί
800 748 916 823 παῖδας
944 741 1179 832 ἠνδραπόδισαν
1208 746 1242 816 ot

139 850 288 934 Siliquae
295 895 306 927 ‚
341 834 387 910 τόν
413 846 509 928 μέρος
528 846 588 923 μέν
611 869 642 908 τι
668 841 697 908 οἱ
727 839 886 932 όμόφυλοι
908 843 1077 927 tticum,
1107 838 1175 909 όσοι
1191 846 1237 932 μὴ

156 942 437 1032 προσκεκρουκότες
458 934 540 1026 η’σαν
559 946 691 1023 βασιλεῖ,
709 944 808 1028 λότρα
824 940 1134 1030 παρασχόμενοιτοϊς
1148 946 1241 1029 Πέρ-

157 1067 247 1119 σαις.
275 1041 366 1107 ἔλυσε
389 1042 424 1106 δὲ
444 1035 502 1105 οόκ
524 1037 649 1122 ὀλίγους
668 1038 724 1105 καί
743 1038 762 1105 ό
782 1041 932 1123 βασιλεός
954 1042 1089 1127 λύτροις,
1109 1041 1171 1107 τοῖν
1193 1045 1242 1108 οἱ·

157 1143 250 1208 κείων
270 1139 510 1227 προσελθόντων
534 1139 804 1224 καίόεηθίντων·
844 1136 935 1205 ἔλυσε
957 1143 987 1205 d’
1008 1133 1048 1207 όν
1073 1143 1130 1207 καὶ
1154 1138 1240 1211 πλεί-

152 1262 216 1318 ὀυς
237 1231 258 1325 ἢ
276 1238 466 1322 σύμπαντας,
487 1239 518 1302 εἰ
533 1236 683 1324 πρότερον
706 1240 896 1324 προσῆλθον,

122 1340 340 1404 ιοουνείποντο
366 1333 447 1418 μετὰ
475 1339 531 1420 τῆς
562 1328 660 1422 όλλης
683 1337 850 1423 στρατιᾶς,
901 1337 970 1403 ἐπεὶ
987 1341 1035 1408 ,δὲ
1074 1337 1154 1419 μετὰ
1180 1338 1240 1423 τήν

134 1467 139 1479 ι
160 1439 286 1504 ἐκείνων
309 1432 508 1523 ἀναχώρησιν
528 1436 727 1523 προσῆλθον,
763 1433 874 1501 ἔλυσεν
902 1434 1089 1519 όβοσιλεός
1112 1436 1240 1520 πέμψας

159 1529 254 1610 όσους
281 1532 418 1617 μάλιστα
447 1536 534 1620 ἐνῆν·
582 1534 656 1610 τούς
681 1538 806 1610 πλείους
835 1536 871 1598 δὲ
897 1535 943 1611 εἰς
970 1536 1013 1600 ἕω
1042 1527 1157 1620 ἤγαγον
1184 1539 1267 1608 inin

160 1636 296 1722 όουλειρι.
332 1632 490 1714 Ῥωμαῖοι
508 1637 547 1707 ,δὲ
569 1631 760 1719 ἀνθρώπους
778 1635 838 1714 μὲν
858 1634 915 1697 oris
936 1633 1241 1720 όξηνόραποόιζοπο.

160 1732 233 1796 eddi
259 1726 318 1817 γόρ
340 1728 459 1810 ἔξεστιν
478 1727 603 1815 αότοῖς,
635 1735 665 1797 εί
684 1730 729 1816 μη
758 1729 820 1817 aino*
841 1728 1014 1818 βαρβάρων
1037 1727 1100 1798 εἶεν
1117 1736 1181 1799 τῶν
1200 1737 1242 1821 τῇ

124 1832 299 1916 ιόοωτῆρος
328 1833 474 1916 Χριστοῦ
502 1830 583 1917 ὑπὲρ
616 1827 707 1916 ἦμοόν
732 1830 890 1920 οἰκονομία
910 1828 955 1915 μὴ
982 1831 1242 1898 πεπιστευκότων.

157 1926 366 2013 βοσκημάτων
399 1929 435 1993 dd
467 1929 643 2017 ἐκρότησαν
673 1929 789 2012 σχεδόν
818 1926 956 2015 ἀριθμόν
977 1927 1240 2015 ὑπερβαινόντων,

158 2027 298 2093 ἐπίπλων
318 2049 352 2092 τε
371 2026 429 2099 καί
450 2020 554 2092 ἄλλων
574 2029 669 2093 τινοῖν
686 2028 860 2114 χρημάτων
879 2026 939 2093 οόκ
958 2021 1087 2111 όλίγων.
1119 2026 1240 2111 didymo

84 2172 86 2177 ·
159 2126 215 2208 di,
236 2124 292 2192 καί
307 2118 348 2211 ἦν
372 2125 499 2211 ἀληθὲς,
518 2124 562 2204 σός
580 2121 710 2214 όοτερον
731 2127 766 2202 ἐξ
789 2125 895 2192 αότοῖν
914 2128 978 2201 τόν
997 2128 1099 2202 κακῶς
1119 2127 1240 2192 παθόν-

157 2249 222 2291 των
242 2230 372 2310 βασιλεῖ
389 2221 643 2312 προσελθόντων,
672 2222 754 2308 μετοὶ
781 2223 838 2309 τήν
859 2223 1028 2312 συμφορὰν
1045 2223 1164 2311 ἐκείνην
1182 2223 1240 2311 τὴν

65 2334 87 2373 -'
118 2321 295 2408 οομεγόλην
316 2322 538 2411 οἷριόμοόντων
557 2319 737 2404 adscriscis,
766 2325 884 2407 ἐγένετο
901 2323 1079 2412 καταφανὲς
1100 2322 1144 2401 ιός
1162 2348 1240 2410 κρα-

161 2417 289 2508 τήσειαν
307 2420 338 2487 οῖ
358 2419 517 2505 Ῥωμαῖοι
536 2420 616 2488 κατὰ
636 2420 692 2508 τὴν
712 2423 799 2488 λείαν
817 2425 902 2506 denir
921 2424 979 2505 pis
996 2417 1160 2508 τριάκοντα
1175 2447 1239 2504 μυ-

160 2519 297 2607 ριόόων,
325 2523 585 2605 αεντακισχιλιαν
605 2523 641 2587 ti
663 2523 784 2601 ἵππων,
815 2520 979 2607 προβάτων
1006 2521 1042 2585 dd
1067 2518 1332 2606 papsddmamoi

159 2615 258 2685 εἴκοσι
280 2620 336 2684 καί
362 2614 487 2686 ἑκατόν.
528 2624 670 2686 τοσαῦτα
696 2621 732 2684 δὲ
757 2609 832 2686 όντα
857 2618 894 2683 τό
915 2621 1036 2704 πλῆθος
1066 2611 1154 2703 όγειν
1180 2621 1242 2702 μὲν
1279 2672 1289 2685 .

160 2711 219 2781 οὐκ
236 2714 370 2802 ἧόόνατο
385 2713 406 2804 ἦ
421 2716 566 2804 οτρατιοὶ,
607 2714 688 2782 ἄλλό
704 2714 781 2793 τοός
798 2714 928 2802 ἔχοντας
942 2715 1041 2802 μόνον
1063 2712 1241 2786 ἅπελόσαν-

87 2894 91 2905 ,
161 2907 236 2981 quod
253 2906 428 2965 barbarorum
451 2909 623 2980 ignoratione
639 2909 787 3047 perterriti
812 2912 899 2966 mant.
932 2908 972 2983 sp
991 2907 1123 3029 qiurimos
1138 2911 1242 2978 partim

161 2979 338 3044 occiderunt,
354 2982 452 3050 partim
466 2986 603 3050 ceperunt
667 2979 747 3032 uibus
766 2979 829 3048 iuga
843 2979 949 3099 patuit,
975 2979 995 3030 li
1018 2980 1086 3043 eris,
1107 2980 1238 3033 uxoribus

158 3065 192 3102 ae
210 3050 326 3102 fortunis
345 3050 456 3113 relictis,
474 3051 565 3101 neseio
581 3049 630 3100 ubi
640 3055 771 3102 terrarum
785 3064 844 3100 sea
867 3046 1039 3100 sconderunt.
1057 3050 1154 3102 Persae
1167 3067 1239 3102 uxo-

157 3136 201 3172 res
211 3129 240 3171 et
252 3121 324 3172 iiiios
337 3122 367 3173 in
378 3119 532 3173 servitutem
542 3118 702 3188 rapiebant:
723 3135 838 3191 quorum
852 3125 957 3188 partem
971 3118 1148 3182 contribules,
1163 3117 1241 3189 quod

157 3191 350 3260 imperatorem
364 3207 421 3242 non
437 3188 616 3251 offenderant,
634 3187 698 3241 dato
708 3189 794 3242 Persis
806 3190 905 3256 pretio,
922 3196 1101 3242 asseruerunt.
1118 3188 1240 3245 Necnon

158 3260 310 3331 complures
324 3268 352 3313 et
361 3261 419 3327 ipse
433 3261 588 3330 imperator,
601 3260 762 3330 propinquis
774 3275 868 3310 eorum
881 3257 1054 3313 venientibus
1067 3267 1096 3312 et
1105 3259 1239 3328 supplici·

158 3338 202 3383 ter
220 3330 393 3400 rogantibus,
411 3347 460 3382 sua
474 3329 589 3398 pecunia
602 3328 732 3382 redemit:
752 3327 939 3397 redempturus
956 3329 1048 3398 plures
1066 3346 1098 3381 ae
1114 3329 1237 3384 fortassis

65 3398 69 3403 “
160 3416 267 3464 omnes,
286 3402 310 3453 si
325 3401 406 3452 citius
425 3398 460 3451 ad
477 3406 629 3452 serentum
645 3406 730 3463 esset,
747 3397 812 3451 dum
827 3397 915 3451 adhuc
930 3400 1058 3451 nimirum
1065 3401 1159 3453 Persae
1177 3418 1239 3454 cum

162 3470 266 3541 reliquo
281 3472 370 3522 milite
391 3469 582 3540 aequabantur.
623 3468 678 3520 Sed
696 3468 761 3539 quia
779 3476 843 3539 post
858 3485 951 3520 eorum
972 3468 1118 3523 diseemum
1141 3471 1239 3524 venie·

161 3538 243 3601 bant,
261 3543 336 3593 misit
353 3549 382 3593 et
395 3540 523 3591 liberavit
538 3546 675 3609 quotquot
689 3541 801 3591 omuino
816 3539 909 3591 licuit:
927 3540 1014 3592 maios
1032 3557 1093 3609 pass
1108 3542 1238 3593 servitum

162 3608 193 3659 in
212 3610 344 3662 orientem
362 3609 488 3662 abducta.
507 3611 618 3661 Romani
635 3609 773 3662 neminem
789 3626 819 3661 ea
839 3609 925 3660 tirum
942 3618 1099 3677 traxerunt3
1117 3610 1148 3662 id
1164 3611 1239 3663 enim

161 3677 218 3729 illis
237 3680 330 3744 ποίοις
348 3681 402 3733 uisi
424 3697 439 3733 e
464 3677 605 3742 barbaris,
632 3679 680 3748 qui
695 3677 796 3733 Christi
819 3626 837 3731 i

162 3747 284 3800 credunt
324 3749 431 3803 Pecoris
450 3758 541 3802 autem
557 3764 669 3801 numero
695 3748 813 3820 quodam
825 3748 950 3813 infinito,
969 3758 1111 3820 praeterea
1124 3749 1238 3819 suppel-

160 3817 254 3871 lectile
270 3817 386 3887 aliisque
403 3819 483 3871 rebus
499 3819 623 3888 plurimis
635 3820 718 3889 potiti
738 3828 809 3872 sunt
831 3818 996 3873 'Ferebatur
1012 3836 1092 3889 porro
1101 3855 1110 3880 ,
1127 3836 1179 3871 nec
1194 3836 1239 3872 se-

162 3906 210 3940 cus
223 3895 296 3950 erat,
311 3888 482 3957 postmodum
498 3905 532 3940 ex
546 3890 614 3958 ipsis
623 3890 762 3958 spoliatis,
781 3892 829 3961 qui
848 3906 877 3941 se
895 3889 1053 3958 imperatori
1069 3887 1239 3942 dedidissent

164 3965 194 4009 et
206 3965 267 4028 post
283 3958 462 4009 calamitatem
482 3959 557 4010 illam
575 3977 696 4028 magnam
711 3977 759 4012 sua
776 3961 991 4021 recensuissent,
1011 3959 1149 4029 cognitum
1162 3976 1238 4024 esse,

161 4029 296 4081 Romanos
314 4027 345 4081 in
360 4028 459 4096 praeda
472 4027 584 4111 adeptos
603 4028 686 4081 boum
704 4036 838 4093 trecenta,
855 4045 987 4100 equorum
1000 4030 1131 4100 quinque,
1146 4031 1238 4083 ovium

163 4095 310 4150 duodecies
328 4106 442 4151 centena
465 4098 562 4149 miliia„
597 4100 665 4152 Tam
677 4100 822 4151 immensos
840 4114 931 4169 greges
943 4114 1022 4168 agere
1035 4101 1169 4152 exercitus
1181 4117 1245 4152 non

162 4174 285 4238 poterat:
303 4166 352 4220 sed
366 4166 490 4222 dominos
504 4175 612 4223 tantum
631 4169 811 4239 abripientes,
833 4169 892 4223 sine
906 4168 1061 4240 pastoribus
1080 4186 1128 4225 eos
1148 4170 1238 4239 sagari

234 4270 452 4328 Cumanum
696 4286 701 4295 ·
1003 4275 1036 4328 ia

839 3682 967 3733 servatoris
984 3681 1167 3733 oeconomiam
1180 3697 1238 3733 non
1312 3678 1314 3685 ⁴
