3000 4742
259 192 337 280 138
653 214 930 284 mmscmmr

105 369 167 427 M·
183 370 450 455 ιδινδξαναλιδσεις
466 367 523 432 eds
543 365 650 454 δλίγας
676 367 808 452 δσύμενα
829 370 965 455 χρυσίου
991 374 1169 457 μυριάδας,
1201 373 1244 451 <tr
1277 378 1333 441 καί

229 465 350 544 Βαύτός
365 464 436 534 οἶδα
455 469 580 553 σαφῶς.
614 465 663 532 διὸ
685 471 739 533 καί
750 471 806 553 τῆς
827 466 960 554 ἀπορίας
977 470 1038 550 orig
1054 462 1151 553 ἧσσον
1171 476 1233 537 τῶν
1250 498 1331 558 χρη-

249 566 356 650 μάτων
384 565 419 633 τὸ
447 567 481 629 ἒν
508 565 668 643 τοσούτοις
692 590 728 632 σο
756 566 898 651 χρήμασι
924 568 1120 651 ζημιοῦσθαι
1140 570 1336 661 enecassent

248 693 312 753 μου
334 671 389 753 τῆς
412 668 553 750 zeuxis?
596 668 742 751 παροῦσα
775 667 811 729 δὲ
842 666 949 742 αύτοῖς
974 658 1204 749 διαλεγομένοις
1231 668 1328 753 καίῆ

248 771 307 836 τού
334 762 470 848 μεγάλου
504 765 685 845 δομεστίκου
712 762 815 848 μήτηρ
847 760 868 848 ἦ
895 766 1128 847 Παλαιολογίνα
1162 766 1350 851 Θεοδώραῦ

249 867 341 951 ,ἀλλ’
362 862 477 948 ἔγωγε”
501 858 585 928 εἶπεν
609 861 671 944 „osi
696 860 809 946 ζημίαν
824 857 943 946 ἥγημαι
959 857 993 923 τό
1017 861 1195 928 ἀναλίσκειν
1212 867 1247 929 ἐν
1263 874 1328 941 τοῖς
1374 868 1377 873 ’

248 961 411 1043 τοιούτοις,
427 956 507 1026 οἷλλδι
522 959 645 1025 πάντων
660 958 778 1046 κερδῶν
793 955 1047 1025 λυσιτελέστατόν
1060 984 1092 1025 τε
1111 957 1178 1045 ἅμα
1196 960 1250 1027 καὶ
1267 986 1330 1027 σω·

250 1060 464 1151 φρονίστατον.
486 1062 516 1124 εἰ
529 1056 588 1146 γὰρ
609 1054 723 1143 λύτρον
740 1059 848 1141 ψυχῆς
864 1055 1010 1142 δνδρδςὸ
1030 1056 1109 1136 ἴδιος
1130 1061 1272 1140 πλοῦτος,
1292 1054 1331 1125 ἅν

246 1167 283 1226 θ’
294 1157 377 1246 'irrep
393 1160 457 1224 τῶν
476 1160 565 1225 ἰδίων
580 1181 628 1233 τις
645 1153 889 1241 ἁμαρτημάτων,
910 1147 951 1221 ἄν
966 1160 1001 1221 θ’
1016 1156 1095 1244 ύιτὲρ
1110 1160 1166 1222 τού
1181 1159 1235 1245 ζῇν
1250 1158 1329 1227 aisa-

249 1260 354 1349 λούσῃ,
384 1259 422 1323 od
445 1259 559 1343 ζημίαν
580 1253 635 1341 την
659 1254 816 1340 δαπάνην,
844 1252 923 1320 esst
948 1255 1056 1341 κέρδος
1081 1255 1227 1341 ἡγεῖσθαι
1248 1255 1370 1342 χρη·ιο

248 1351 351 1435 ἄλλως
372 1356 475 1424 τεκαὶ
493 1344 557 1421 cciv
574 1352 667 1441 ἱερῶν
683 1350 893 1419 διδασκόντων
913 1354 1033 1437 λογίων,
1053 1352 1117 1441 ιδςζ,
1138 1350 1216 1421 ὅπου
1235 1355 1328 1442 ὁδη-

220 1456 366 1544 (λσαυρὸς
384 1456 484 1539 ὑμῶν,
506 1450 745 1519 desiderasses*
762 1450 783 1537 ἦ
800 1453 914 1537 καρδίαι
941 1451 1041 1534 ὑμῶν,
1071 1449 1157 1539 παρὰ
1178 1453 1230 1519 συί
1238 1505 1248 1534 ,
1267 1459 1328 1537 βα-

202 1578 207 1593 “
252 1560 350 1638 σιλεύ,
379 1550 485 1638 erest»)
499 1552 538 1618 σύ
559 1548 720 1637 θησαυρὸς
737 1545 857 1632 αύτοῦ,
877 1546 967 1634 καὶὴ
985 1551 1100 1636 καρδία
1117 1554 1172 1617 τοῦ
1191 1549 1326 1635 μεγάλου

250 1653 433 1739 δομεστίκου
449 1651 555 1718 ἔσται.
581 1646 695 1716 τούτου
712 1651 747 1714 δὲ
764 1637 853 1724 ὄντος
867 1648 1014 1734 ἀληθοῦς,
1046 1652 1111 1714 τῶν
1129 1643 1232 1715 ἄλλων
1247 1646 1326 1715 τιύν-

248 1780 316 1822 των
322 1753 495 1840 χρημάτων
513 1750 703 1828 ιδςούδενυῖν
720 1745 961 1836 καταφρονήσει.
978 1750 1033 1814 κατ’
1045 1748 1144 1833 χωρίς
1154 1752 1189 1815 δὲ
1206 1755 1368 1824 τουτον-ιδ

247 1852 287 1936 sd,
305 1847 345 1919 δν
362 1847 541 1939 φειδόμενοι
554 1851 616 1914 τοδν
628 1847 802 1934 χρημάτων
814 1842 1032 1932 κινδυνεύσηττ
1046 1847 1121 1933 περί
1131 1846 1167 1911 τὸ
1186 1850 1249 1938 ζῇν,
1271 1849 1329 1914 ούκ

247 1945 389 2036 εὔδηλον,
409 1943 474 2032 δτι,
505 1945 768 2028 &cainonensis
784 1939 919 2028 ἆτίμως,
949 1950 1025 2032 παρ’
1045 1938 1151 2023 ἄλλοις
1175 1944 1265 2013 ἔσται
1285 1951 1327 2013 τοὶ

246 2047 414 2136 χρήματα,
441 2045 519 2122 ἴσως
544 2050 578 2112 δὲ
602 2044 657 2111 καί
680 2042 942 2127 πολεμιωτάτοιςς
979 2045 1128 2132 φείδεσθε
1159 2050 1328 2132 τοιγαροῦν
1394 2034 1401 2053 ’

246 2140 327 2233 μήτε
346 2146 503 2229 στομάτων
519 2144 596 2230 μήτε
615 2146 805 2233 χρημάτων,
837 2137 931 2232 ἄχρις
956 2137 996 2209 ds
1017 2139 1071 2210 τὸν
1087 2148 1252 2230 κινηθέντα
1268 2147 1327 2211 τιό-

247 2253 341 2329 λεμον
357 2237 378 2333 ᾗ
395 2251 551 2337 λυσιτελεῖ
564 2242 719 2329 διάθησδε
736 2242 825 2326 ύμῖν.
1327 2275 1369 2319 20

217 2359 242 2413 1)
336 2348 394 2410 κδ’.
411 2426 413 2431 ⁴
431 2343 501 2413 ’Eut
516 2343 636 2422 τούτοις
657 2343 739 2431 αὐτῇ
760 2339 1111 2433 χάριταςηὸμολογησας
1132 2342 1151 2408 ὅ
1168 2342 1328 2428 βασιλεύς,

164 2457 195 2512 V.
207 2474 240 2530 ηο
250 2445 384 2527 ἐξελθών
404 2441 588 2528 ιἐβουλεύετο
608 2441 689 2526 μετὰ
707 2446 770 2507 τῶν
786 2444 821 2508 ἐν
838 2445 938 2524 τέλει,
973 2444 1003 2507 εἰ
1022 2440 1085 2528 χρὴ
1101 2442 1253 2529 πρότερον
1274 2443 1329 2507 ἕατ’

206 2556 209 2565 ’
238 2546 353 2633 Ι’τ’ίιιριυ
366 2547 428 2609 ,καί
440 2547 472 2610 Γ
469 2543 604 2629 αρὲλλον
612 2594 622 2624 ‚
653 2536 744 2628 ἢδιιί
756 2539 816 2619 τὰς
836 2536 1048 2629 ἀφεστηκυίας
1064 2540 1251 2629 πορρωτέρω
1265 2542 1328 2606 τῶν

320 2676 478 2740 ss.·Matth.
496 2679 521 2732 6.
538 2678 598 2733 ΕΙ).
608 2678 635 2731 Ρ.

248 2818 330 2874 quam
353 2802 412 2871 ipsa
443 2801 576 2870 pecuniae
598 2799 760 2865 difficultas,
786 2803 883 2871 pungit
900 2818 931 2855 ae
945 2801 1057 2856 vellicat
1078 2805 1201 2856 animum
1227 2817 1326 2865 meum,

247 2881 277 2926 te
295 2880 402 2926 tantum
419 2874 458 2924 rei
477 2873 643 2925 nummariae
662 2871 835 2943 dispendium
854 2888 913 2923 mea
933 2889 1013 2924 causa
1030 2876 1146 2944 perpeti.
1182 2873 1253 2924 Huic
1266 2874 1327 2925 coi-

247 2945 342 3015 ioquio
362 2941 506 2995 Theodora
522 2942 719 3012 palaeologus,
745 2945 836 3012 magni
856 2942 999 2994 domestici
1019 2952 1113 3008 mater,
1137 2959 1264 3015 praesens
1281 2943 1326 2993 in-

247 3022 366 3076 tererat,
384 3012 454 3086 quae
472 3016 512 3067 sic
533 3030 593 3065 orsa
611 3022 669 3065 est:
698 3013 832 3083 Equidem
852 3029 901 3083 ego
920 3012 1021 3065 talibus
1039 3015 1069 3066 in
1087 3015 1168 3067 rebus
1187 3020 1327 3081 sumptum

248 3083 404 3153 impendere
424 3084 529 3136 nullum
547 3083 733 3153 dispendium,
745 3085 827 3135 immo
842 3100 906 3136 vcro
925 3068 1046 3135 omniuin
1065 3093 1222 3155 quaestuum
1241 3098 1326 3152 qnae·

247 3156 444 3205 stuosissimum
461 3161 542 3225 atque
559 3154 797 3223 prudentissimum
815 3153 916 3207 iudico.
953 3153 981 3205 Si
999 3156 1071 3206 enim
1088 3158 1204 3223 pretium
1222 3152 1329 3205 redem-

247 3224 332 3275 tionis
355 3225 459 3276 animae
484 3222 603 3276 hominis
631 3233 695 3276 sunt
714 3226 800 3294 ipsius
824 3223 952 3287 divitiae,
977 3225 1034 3277 sire
1052 3226 1113 3347 quis
1136 3241 1185 3295 pro
1209 3223 1325 3298 peccatis

249 3295 324 3356 suis,
348 3293 404 3345 sive
422 3309 471 3364 pro
495 3294 551 3346 rita
567 3311 615 3346 sua
641 3295 783 3366 quippiam
803 3296 971 3364 erogaverit,
997 3293 1052 3346 hau
1098 3297 1128 3349 in
1153 3293 1257 3345 damnis
1276 3293 1326 3361 ilia

249 3365 385 3433 erogatio,
402 3363 450 3416 sed
467 3363 497 3416 in
514 3364 597 3416 lucris
617 3363 772 3433 deputanda
790 3372 838 3416 est
875 3364 985 3428 Adhuc,
1004 3383 1064 3417 cum
1083 3365 1192 3417 divinae
1211 3364 1327 3431 scriptu·

229 3451 295 3497 ,τοο
314 3433 445 3496 doceant,
464 3433 513 3485 ubi
530 3432 671 3486 thesaurus
689 3441 778 3486 vester
795 3436 846 3496 sit,
877 3434 917 3486 ibi
943 3452 989 3486 cor
1007 3443 1126 3487 vestrum
1152 3450 1225 3496 esse,
1252 3431 1326 3501 apud

248 3511 277 3555 te
294 3504 455 3572 imperator,
482 3506 611 3624 quoniam
628 3512 659 3556 tu
677 3503 820 3557 thesaurus
837 3505 927 3574 magni
948 3506 1090 3557 domestici
1109 3522 1152 3569 es,
1180 3505 1261 3556 etiam
1280 3520 1325 3554 eor

249 3575 307 3625 eius
325 3575 386 3631 erit,
420 3573 483 3695 ζηυο
521 3590 581 3624 curn
598 3576 637 3626 ita
656 3576 708 3638 sit,
733 3583 850 3626 ceteram
868 3577 1009 3643 pecuniam
1027 3584 1132 3628 utrem
1152 3574 1234 3626 nihiii
1258 3590 1326 3625 con·

247 3650 357 3696 temnet
394 3643 428 3697 Se
464 3644 532 3697 haec
549 3644 694 3697 mittamus.
730 3644 760 3696 si
778 3647 894 3696 nummis
912 3654 1069 3714 parcentes,
1095 3647 1125 3697 iu
1142 3646 1213 3698 vitae
1228 3642 1325 3696 discri-

246 3728 310 3765 men
329 3713 465 3778 incidatis,
483 3731 518 3765 an
534 3730 590 3765 non
607 3715 709 3766 clarum
726 3723 783 3777 est,
810 3715 886 3766 vobis
904 3733 964 3767 cum
983 3714 1116 3769 dedecore
1134 3715 1255 3777 mortuis,
1274 3729 1327 3764 re·

247 3789 316 3835 stras
333 3783 368 3835 ad
392 3786 458 3837 elios
477 3793 506 3837 et
522 3784 637 3837 forsitan
659 3785 694 3837 ed
711 3784 914 3838 inimicissimos
934 3788 1093 3838 translatam
1119 3787 1153 3838 iri
1172 3781 1326 3854 pecunias?

246 3852 365 3907 Proinde
383 3873 418 3909 ue
441 3856 484 3909 vel
502 3855 678 3924 corporibus,
701 3854 745 3908 rel
770 3858 903 3924 pecuniae
929 3858 1080 3925 parcitote,
1107 3853 1198 3928 quoad
1220 3854 1327 3906 betium

173 3980 175 3987 y
246 3920 300 3976 hoc
318 3922 353 3975 ad
370 3925 583 3979 osnolumentum
598 3936 715 3979 restrum
733 3926 1005 3979 accommodaveritis,

316 4007 357 4064 29.
394 3995 494 4047 Gratiis
510 4006 648 4050 matronae
669 3998 745 4060 actis,
764 3997 901 4067 egreditur
919 3998 954 4048 im
975 4002 1073 4059 emtor,
1094 4005 1201 4050 etcum
1219 3997 1325 4064 primo·

246 4061 322 4117 ribus
340 4067 370 4116 in
382 4066 534 4119 consitium
551 4070 646 4131 venit,
662 4068 774 4138 priusue
794 4067 816 4119 Α
837 4085 880 4120 ros
905 4076 934 4120 et
957 4015 1102 4129 garonam,
1121 4084 1156 4119 an
1177 4065 1326 4118 exercitum

245 4132 280 4186 sd
299 4136 442 4191 citeriores
460 4136 582 4191 civitates
599 4130 760 4192 desertrices
772 4136 807 4191 sd
827 4146 904 4193 nest:
924 4136 998 4209 φιοδ
1015 4137 1067 4218 λιιι
1079 4137 1169 4192 minus
1183 4141 1326 4197 nocuerat,

869 4256 873 4263 ι
