3000 4742
275 254 351 387 ιρι
668 295 947 363 muniturum

123 454 184 510 tc·
198 455 263 511 1323
273 449 329 542 σύς
350 451 467 531 ἰδόντες
487 450 516 516 οἱ
537 449 678 533 Σκύθαι,
708 455 766 538 τῆς
791 454 919 538 πορείας
948 456 1009 537 μὲν
1043 445 1182 539 ἔστησαν
1199 447 1269 520 'sut
1296 457 1357 521 ού.

269 549 338 635 τού,
371 545 409 616 ού
429 552 538 634 μέντοι
560 548 616 615 κατ’
638 549 803 637 ἐχώρρσαν
823 550 902 637 πρὸς
927 549 1054 638 μάχην,
1085 555 1276 637 τοῦτομὲν,
1307 551 1357 621 ὅτι

120 651 155 707 Α·
165 651 266 719 (34324
275 652 331 716 καί
357 649 375 717 ά
396 646 535 733 ποταμὸς
555 653 752 735 πλημμυρῶν
777 638 816 735 ἦν
835 642 895 736 ἤδη
917 646 1012 738 ἔαρος
1031 651 1234 737 ἐρχομένου·
1262 656 1356 720 τούτο

173 755 201 811 P·
211 754 263 817 119
270 752 312 833 δ’,
333 745 381 814 det
398 750 457 813 καί
470 750 534 814 τῶν
545 737 708 829 Λπολεμίων
727 748 860 836 οἶφανῶν
876 738 975 816 άντων
991 750 1188 816 ἐδεδοίκεσαν
1200 748 1259 837 τὴν
1274 777 1358 834 συμ-

268 845 395 932 πλοκὴν,
415 844 460 931 μὴ
476 845 533 911 ούκ
554 843 770 923 ἀπαλλάξουσι
786 848 889 922 καλῶς
906 843 1056 913 πλειόνων
1072 839 1094 933 ἢ
1110 847 1187 913 κατά
1203 853 1287 936 σφάς
1302 842 1376 919 ‹iv-5

159 974 165 982 ’
268 971 344 1012 των.
363 955 428 1022 τοῖς
440 942 608 1027 Ῥωμαίοις
620 968 653 1010 τε
668 941 784 1028 ὁμοίως
802 943 984 1023 άλυοιτελές
997 943 1031 1012 τὸ
1045 944 1126 1011 κατά
1146 949 1208 1013 τῶν
1223 950 1357 1016 Σκυθῶν

268 1046 416 1133 ἐφαίνετο
430 1052 557 1130 χωρεῖν,
579 1044 618 1108 ού
635 1044 758 1120 δεκάκις
778 1041 858 1109 ἀλλά
877 1046 1050 1131 περαιτέρω
1071 1043 1281 1132 άπερέχοντας
1297 1043 1357 1112 αύ-

269 1149 333 1210 τῶν
354 1143 399 1232 τῷ
412 1137 552 1233 άριθμρλ.
575 1138 660 1227 ὅμως
679 1146 714 1208 δὲ
727 1140 878 1227 βασιλεύς
894 1138 962 1226 άμα
978 1152 1043 1221 τοῖς
1062 1148 1262 1232 φαινομένοις
1276 1148 1357 1213 Ῥω-

267 1244 372 1328 μαίων
388 1242 443 1308 κατ’
461 1246 662 1327 Τοοπουγῶς,
681 1236 729 1318 εἷς
746 1245 810 1308 τῶν
825 1240 912 1329 παρὰ
932 1244 1073 1322 Σκύθαις
1090 1242 1354 1331 στρατηγούντων,

269 1341 325 1408 καὶ
339 1338 437 1419 αύτάς
449 1337 516 1424 άμο
534 1338 694 1417 τοσούτοις
709 1337 894 1428 βαρβάροις,
913 1341 947 1406 ἐν
967 1336 1128 1430 ἑκατέροις
1144 1346 1255 1430 μέρεσι
1268 1346 1398 1430 μενά-ιο

268 1464 359 1524 μενοι
374 1443 432 1506 τού
447 1440 598 1522 ποταμοῦ,
620 1434 767 1524 ύιάλοχύν
782 1464 851 1506 τινα
874 1437 1061 1527 ἐποιήσαπο
1075 1442 1214 1527 βραχύν.
1242 1445 1357 1529 ἐρομέ-

185 1547 325 1620 V-otirov
342 1535 402 1627 γάρ
422 1533 539 1614 αύτούς
557 1539 670 1613 οἵτινες
685 1532 748 1603 εἶεν
763 1540 820 1603 τοῦ
834 1537 1009 1626 βαρβάρου,
1019 1539 1072 1604 διά
1087 1562 1173 1616 τινος
1186 1533 1357 1628 άπεκρίνο-

267 1663 303 1704 το
323 1642 388 1703 τῶν
405 1633 587 1721 διχλώσσων
603 1633 619 1703 ὅ
635 1634 802 1720 βασιλεύς,
832 1629 995 1725 ἄνθρωποι
1013 1633 1095 1704 εἶναι
1116 1638 1172 1705 καὶ
1188 1635 1282 1706 οὗτοι*
1294 1645 1357 1727 θρ-

239 1735 388 1826 Βρεῶοαύ
402 1760 433 1802 τι
454 1736 628 1821 ζητοῦντες,
645 1729 750 1821 ῶσπερ
774 1734 832 1801 κατ’
850 1730 947 1801 edroi
970 1740 1127 1804 ποιοῦσιν.
1147 1739 1186 1804 ού
1203 1744 1306 1818 καλῶς
1318 1741 1357 1814 dl

265 1832 402 1923 ἔφασκεν
422 1827 540 1911 αύτούς
559 1831 576 1900 ὅ
592 1833 741 1918 βασιλεύς
748 1886 760 1918 ,
781 1828 1036 1924 attrectentur,
1059 1821 1145 1902 ἀλλά
1157 1841 1279 1926 λῃστῶν
1298 1837 1395 1926 rip-15

265 1956 322 2018 χον
338 1941 460 2015 ποιεῖν,
492 1931 668 2018 άκήρυκτού
678 1957 713 1999 τε
729 1930 935 2022 ἐπερχόμενοι
954 1935 1011 1999 κού
1028 1934 1186 2020 γεωργούς
1202 1936 1356 2023 ἐξανδρα-

268 2028 481 2115 ποδιζόμενοι,
498 2031 688 2118 ἀνθρώπως
703 2026 761 2098 oris
775 2031 897 2112 εἰδότας
907 2038 1061 2117 πολεμεῖν.
1081 2032 1147 2100 ἔδει
1160 2032 1221 2122 γάρ
1242 2030 1357 2115 αύτούς

265 2134 387 2215 μᾶλλον
406 2129 464 2216 τὴν
485 2127 601 2218 ἔφοδον
626 2127 734 2199 ούτῶν
765 2136 1107 2218 προκαταχγέλλοντας,
1145 2135 1356 2220 προστάταις

268 2225 471 2313 ἐντυγχάνειν
495 2229 687 2312 εἰθισμένοις
710 2238 871 2314 πολεμεῖν·
900 2222 960 2296 κάν
984 2231 1090 2297 αύτῶν
1106 2222 1163 2316 ἧτε
1183 2233 1355 2320 κρείττους,

268 2320 363 2393 addis
385 2318 425 2414 ἦν
444 2328 642 2412 θαυμαστὸν,
660 2329 691 2395 εἰ
708 2328 765 2395 καί
780 2331 909 2406 τούτους
920 2328 995 2406 τούς
1013 2321 1188 2414 ἀπολέμους
1203 2327 1394 2420 ἐξηνδρα-οο

267 2425 436 2506 πούύζεσθε
470 2419 571 2493 ἆθλον
600 2428 656 2514 τῆς
685 2426 816 2516 ἀρετῆς.
853 2432 1037 2513 Τασπουγᾶς
1060 2423 1096 2493 δέ
1117 2429 1212 2496 ούύὲν
1234 2428 1354 2517 ἔφασκε

268 2520 389 2590 τούτων
402 2517 484 2590 εἶναι
501 2522 579 2612 πρὸς
596 2519 727 2603 αύτούς·
759 2526 815 2591 ἐπ’
831 2529 976 2607 ἐξουσίαν
994 2524 1054 2614 γάρ
1073 2518 1176 2609 ὄντες,
1196 2550 1355 2614 προστατ-

163 2689 168 2702 ,
267 2622 390 2706 τόμενοι
403 2626 596 2711 ἐπέρχεσθαι
613 2628 669 2692 κατ’
685 2619 812 2691 άπιέναι
829 2622 852 2713 ἢ
867 2628 992 2710 μένειν.
1019 2624 1128 2715 ἠρώτα
1150 2628 1195 2711 di,
1215 2628 1246 2691 εἰ
1262 2625 1357 2692 atrei

242 2715 331 2794 celer
347 2719 378 2788 οἱ
396 2726 476 2808 χθές
501 2722 557 2789 κατ’
574 2726 684 2813 πρώην
702 2728 758 2813 τῆς
775 2709 934 2813 Σκυθικῆς
957 2728 1108 2813 στρατιάς
1129 2721 1354 2816 μάχφκρατύ-

271 2928 281 2982 i
302 2928 325 2981 si
342 2927 440 3000 pedem
453 2937 656 3001 represserunt3
674 2929 722 2984 sed
735 2929 771 2982 ad
789 2938 924 2983 certarnen
939 2937 1265 3002 nonproceuemntturn
1277 2927 1352 3001 quod

290 3000 377 3064 uvius,
391 3017 454 3054 vere
472 3001 527 3053 ianr
537 3001 713 3071 procedente,
731 2999 905 3064 redundaret,
919 3009 977 3053 tum
990 3001 1074 3074 quod,
1091 3000 1217 3055 hostibus
1228 3000 1351 3052 nondum

269 3071 397 3123 omnibus
417 3074 585 3142 conspectis,
602 3079 774 3136 metuerent,
797 3089 842 3138 ne,
860 3073 884 3124 si
901 3089 1014 3124 numero
1032 3090 1062 3124 su
1084 3072 1150 3125 erati
1168 3078 1276 3135 essent,
1299 3083 1353 3141 pst-⁴

268 3157 330 3193 rum
348 3139 462 3195 honeste
481 3144 587 3213 proelio
606 3143 826 3212 defungerentur.
862 3143 975 3195 Romani
1002 3090 1130 3196 timidior
1148 3142 1252 3195 cladem
1269 3143 1351 3194 timeo

269 3209 355 3273 bant,
383 3215 406 3263 si
424 3211 516 3282 plures
534 3212 629 3266 decem
646 3213 769 3282 partibus
788 3221 816 3265 et
835 3213 951 3284 mplius
970 3212 1184 3283 aggrederentur.
1221 3212 1349 3265 Ceterum

270 3281 419 3348 imperator
435 3285 605 3353 cumprimis
631 3283 687 3334 illis
705 3285 831 3337 lioruanis
850 3291 878 3336 ct
903 3283 991 3351 Taspu
1011 3300 1039 3335 as
1062 3298 1132 3335 unus
1155 3300 1170 3336 e
1190 3281 1349 3352 Scytharum

270 3348 386 3402 ducibus
401 3367 462 3403 cuna
480 3353 596 3405 totidem
612 3352 736 3407 barbaris
755 3354 890 3406 exaltem
916 3354 939 3406 rl
960 3302 1111 3405 adumlnis
1133 3353 1242 3406 brevem
1260 3369 1348 3426 quen-

270 3418 334 3471 dam
358 3413 495 3492 dialogum
518 3421 680 3477 habuerunt
729 3425 917 3495 interrogante
941 3371 1054 3491 duma,
1082 3423 1193 3495 quinam
1222 3422 1349 3475 mortales

270 3498 378 3556 essent,
403 3491 551 3563 imperator
574 3512 624 3565 per
642 3494 777 3565 quendam
802 3494 920 3547 Graecae
939 3502 967 3546 et
994 3489 1136 3562 Scythicae
1154 3493 1263 3566 linguae
1283 3507 1349 3563 gna-

269 3577 331 3612 rum
351 3562 506 3630 respondit,
532 3563 657 3617 homines
680 3582 757 3628 esse,
786 3566 835 3636 qui
862 3569 1041 3636 quaererent,
1068 3564 1296 3637 quemadmodum
1321 3571 1350 3616 et

269 3630 339 3701 ipsi,
358 3632 432 3703 quod
454 3644 589 3703 caperent
624 3636 677 3688 lios
694 3644 785 3688 autem
803 3653 859 3689 non
878 3643 967 3699 reete,
992 3652 1028 3688 ne
1067 3635 1220 3688 erisiliter
1243 3633 1347 3687 lacerer

269 3700 319 3754 sed
336 3701 455 3756 latrones
474 3704 592 3771 imitari,
609 3706 673 3790 (gui,
699 3706 817 3770 adventu
837 3723 885 3759 suo
909 3706 1013 3769 celato,
1061 3705 1169 3758 ostilem
1191 3706 1221 3757 in
1237 3704 1348 3757 modum

269 3782 471 3896 grassarentur,
508 3784 537 3828 et
569 3776 693 3847 agricolis
724 3776 793 3828 belli
826 3777 940 3828 insuetis
977 3776 1133 3829 tenultatem
1166 3777 1347 3846 imponerent

295 3845 431 3912 portuisse
449 3844 656 3916 impressionem
675 3863 750 3900 suam
768 3843 930 3899 denuntiare
949 3853 978 3899 et
996 3863 1056 3898 enm
1070 3845 1205 3898 militibus
1218 3862 1348 3917 pugnare,

267 3915 381 3967 manetis
395 3915 492 3985 pedem
511 3918 646 3970 conferre:
668 3935 735 3989 qnos
753 3917 777 3969 si
796 3919 950 3981 vincerent,
968 3925 1024 3969 turn
1042 3917 1141 3969 mirum
1156 3933 1213 3968 non
1233 3932 1305 3979 esse,
1323 3917 1346 3967 si

268 3981 365 4036 ethos
384 3985 508 4038 imbelles
525 3990 675 4059 praemium
693 3988 802 4042 virtutis
819 3986 994 4044 abducerent
1022 3987 1094 4040 Tum
1111 3985 1258 4059 Taspugas,
1275 3985 1347 4039 nihil

267 4051 322 4106 hoe
345 4053 380 4107 ad
396 4056 487 4124 ipsos,
502 4060 550 4130 qul
568 4059 619 4111 sub
637 4059 726 4111 aliens
743 4066 836 4112 essent
851 4063 1004 4129 potestate3
1028 4066 1060 4111 nt
1083 4056 1200 4127 proinde
1216 4059 1283 4109 iussi
1304 4055 1347 4108 rel

268 4124 452 4191 incursarent,
470 4127 515 4180 rel
528 4129 653 4194 abirent,
669 4130 714 4182 vel
730 4136 873 4181 manerent
889 4130 981 4182 etiarn.
1016 4128 1245 4181 Percunctabatnr
1266 4125 1347 4178 dein·

268 4192 318 4259 de,
350 4196 440 4268 ipsine
463 4201 618 4270 nuperrime
643 4198 797 4270 Scythicam
825 4211 935 4252 manum
966 4199 1101 4271 congressi
1125 4195 1291 4254 devicissent
1315 4209 1347 4248 se
