3000 4742
258 277 317 380 84
667 295 944 371 opscurum

110 475 171 531 m
182 451 277 531 13213
293 458 400 521 τοίνον
419 456 455 521 έν
475 453 572 546 ἑτέρην
595 453 700 544 χρόνῳ
721 456 902 541 γενήσεται,
930 456 1027 543 φαίης
1041 444 1099 534 ἀν,
1127 450 1169 517 δι’
1191 452 1341 539 ἀνάγκην,

255 557 396 640 γενέσθω
418 549 478 620 κάν
491 558 537 643 τῷ
555 553 690 641 παρόντι
712 553 765 619 διά
780 552 820 619 τά
835 550 1058 638 συμβησόμενα
1078 553 1114 615 ἐκ
1134 549 1246 616 τούτου
1266 558 1342 615 πολ-

177 665 205 720 P.
222 652 299 722 55λά
316 647 453 738 άγαθά.”
499 653 554 718 ἐπέ
569 650 692 728 τούτοις
699 657 866 737 λογοθέτης
885 650 902 716 ὅ
920 654 1019 735 μέγας
1038 649 1113 727 τούς
1126 673 1160 714 τε
1172 652 1344 737 προτέρους

259 749 371 837 λύγους
396 745 564 834 ἀναλαβών
581 750 636 815 uui
664 752 810 828 πλείονας
833 748 961 836 ἑτέρους
985 751 1151 835 σονείρας,
1186 747 1243 813 καί
1263 771 1344 812 παν-

261 851 401 935 ταχόθεν
425 851 593 933 ἀλυσιτελῆ
608 852 670 921 Ικαί
691 844 846 914 ἀδύνατον
860 847 916 933 τὴν
938 846 1062 933 αἴτησιν
1077 843 1260 928 ἀποδείξας,
1288 843 1365 915 καὶὸ

262 947 339 1035 πρὸς
354 944 389 1013 τύ
407 951 555 1033 γενέσθαι
568 947 715 1015 τοιούτων
732 943 857 1033 άγγελος
873 949 1029 1024 παντελοῦς
1042 945 1229 1025 ἀναντύσας,
1244 938 1344 1030 ἀπῆλ-

261 1054 330 1114 θεν.
359 1045 478 1134 ἔφασκε
495 1048 569 1111 δ’έν
584 1047 727 1133 ύστέροις
740 1046 881 1133 χρόνοις,
902 1043 1025 1132 εἰρήνης
1037 1047 1210 1130 γενομένης,
1230 1042 1247 1108 ύ
1267 1065 1344 1128 πρε-

256 1145 410 1231 σβύτερος
415 1142 572 1228 βασιλεύς,
584 1144 636 1226 ἀς,
651 1147 681 1210 εί
688 1144 763 1231 περὶ
771 1147 832 1211 τῶν
842 1140 943 1230 ύρκων
959 1143 1046 1233 αύτῷ
1060 1144 1249 1230 ἀπηγγέλθη,
1259 1136 1344 1224 ύμω·

260 1244 351 1328 μάκει
370 1268 404 1310 τε
431 1238 470 1310 ἀν
490 1243 546 1309 καί
568 1244 662 1309 οὐδέν
683 1245 842 1330 ε’τολμὴθη
869 1247 933 1308 τάν
955 1245 1199 1327 τετολμημένων
1218 1236 1268 1306 tri
1283 1237 1342 1305 κατ’

263 1342 321 1429 τὴν
340 1345 446 1408 αἰτέειν
473 1339 602 1407 άπασαν
624 1345 682 1407 τού
702 1345 841 1424 πολέμου
866 1346 912 1419 εἰς
935 1345 1099 1426 λογοθέτην
1122 1337 1261 1406 ἀνετιθει
1285 1336 1385 1404 τύνιο

259 1445 372 1526 μέγαν.
401 1449 467 1517 τοῖς
486 1439 591 1527 φίλοις
615 1443 647 1505 δ’
667 1438 767 1518 ἐύθύς
797 1436 885 1529 αύτῷ
909 1442 1170 1525 παραγενομένοις
1205 1433 1281 1502 ἀτε
1301 1434 1347 1502 εἴ·

264 1562 339 1626 ρηκε
351 1543 414 1604 ’καί
433 1532 478 1604 οἷν
497 1537 608 1622 ἔτυχεν
625 1539 820 1624 ἀποκρίσεων
839 1534 1095 1625 ύιηγησάμτνοςύ
1116 1541 1184 1613 νέος
1198 1533 1348 1620 βασιλεύς

235 1642 317 1707 lixas*
337 1641 426 1715 τέλος
446 1641 537 1704 τοῦτο
567 1636 843 1725 ἐπιφθεγξάμενος,
880 1640 981 1719 ,θεοῦ
1002 1640 1049 1701 δὲ·
1064 1634 1113 1713 τίς
1133 1633 1213 1720 ἔγνω
1229 1631 1348 1721 βουλήν

262 1762 295 1804 τε
318 1735 390 1804 νόον
414 1740 494 1818 τε,·”
523 1734 571 1805 ἔτι
587 1739 685 1824 μέχρι
704 1734 789 1814 τινὸς
806 1739 929 1802 έκέλεοε
952 1736 993 1823 τῇ
1011 1738 1233 1824 μεγαλοψοχιρι
1249 1754 1349 1819 προσ-

263 1846 434 1922 καρτερεῖν·
454 1835 495 1919 ,ἦ
512 1837 649 1920 σήμερον
660 1832 719 1920 γάρ
731 1831 887 1915 έκάιδάξει
902 1859 933 1900 τι
946 1836 1008 1900 τῶν
1022 1835 1248 1917 ἀγνοουμένων.
1269 1856 1345 1917 προ-
1354 1835 1389 1899 15

263 1932 461 2019 θεσμάιγάρ
485 1926 566 1998 ούσα
582 1935 637 2018 τῆς
655 1932 733 2019 πρὸς
749 1931 804 1998 τὸν
821 1933 954 2019 βασιλέα
972 1935 1031 1997 τού
1046 1930 1183 2015 μεγάλαν
1204 1933 1349 2013 ἀομεστί-

266 2058 323 2097 κου
340 2028 527 2115 ἀπολογίας,
557 2033 600 2095 δι’
622 2025 720 2117 αύτῆς
735 2035 791 2116 τῆς
810 2030 977 2115 ἀπολογίας
996 2027 1075 2115 πρὸς
1088 2026 1181 2095 τὸτί
1187 2026 1251 2116 χρὴ
1273 2034 1350 2113 βοο-

267 2131 417 2219 λεύεσθαι
431 2128 487 2194 καί
502 2132 580 2219 δρᾷν
602 2128 778 2216 ύάηγησει.”
800 2122 897 2196 Οὗτοι
917 2133 977 2213 μὲν
995 2125 1053 2195 σύν
1069 2131 1200 2194 τοιαῦτα
1217 2123 1351 2211 βούλεο-

268 2226 398 2311 σάμενοι
425 2230 613 2294 διελέλυντο.
655 2226 736 2316 πρὸς
762 2232 798 2294 δὲ
820 2226 873 2295 τὸν
897 2231 997 2313 μέγαν
1023 2230 1202 2309 ἀομέσταιον
1227 2225 1246 2290 ὅ
1268 2229 1350 2310 χθές

270 2321 396 2413 ἅγγελος
412 2325 588 2413 ἀφικνεῖται
613 2324 692 2415 πρὸς
716 2331 891 2412 βασιλέως,
921 2323 1065 2391 άπαιταῖν
1086 2322 1144 2410 την
1170 2319 1391 2408 &suspensus

272 2428 441 2510 ἐποιήσατο
469 2427 505 2490 δέ
525 2426 682 2511 τοιαύτην
714 2427 826 2509 ,,έμοί,
854 2422 999 2512 κράτιστε
1014 2426 1161 2508 βασιλεύ,
1182 2426 1237 2508 τῆς
1257 2420 1351 2504 εὔμε-

272 2527 357 2602 νείας
374 2526 432 2609 τῆς
459 2524 517 2609 σῆς
535 2521 656 2599 πολλάς
678 2519 783 2607 ἔχοντι
804 2522 862 2601 τάς
887 2523 1089 2603 ἀποδείξεις,
1119 2517 1223 2607 ὥσπερ
1253 2520 1350 2609 ἔφην,

177 2632 213 2693 V.
230 2618 317 2700 έὸἕτι
339 2620 395 2687 καὶ
413 2619 449 2686 τύ
463 2625 521 2686 νύν
539 2625 633 2686 τούτο
652 2621 779 2698 πλείους
801 2626 856 2687 καί
875 2624 1005 2704 μειζοας
1024 2620 1128 2686 πείθει
1147 2619 1205 2697 τάς
1218 2621 1351 2705 χάριτας

240 2717 440 2805 (ἱύμολογεῖν
474 2719 529 2787 ἐπί
542 2719 662 2799 πάσαις
679 2718 718 2807 δὴ
735 2719 865 2799 ταύταις
879 2719 935 2787 καὶ
951 2718 1065 2805 ταύτης
1083 2721 1161 2785 αἰτοῖ
1172 2728 1282 2802 τυχεῖν
1295 2721 1350 2804 τῆς

271 2915 368 2969 dorum
386 2915 550 2987 exspectatio
565 2913 718 2987 impetret”
754 2914 809 2968 Ubi
825 2928 910 2986 nepos
929 2915 1070 2979 conticuit,
1087 2930 1196 2984 magnus
1209 2911 1348 2984 logotheta

271 2987 344 3039 dicu
368 3003 415 3038 sus
433 2990 533 3039 iterans
551 2987 659 3056 alioque
684 2986 770 3038 multa
783 2987 965 3051 accumulans,
983 2986 1110 3055 omnique
1131 2987 1236 3037 ratione
1252 2991 1349 3052 postu-

270 3058 357 3109 latum
375 3057 486 3119 inutile,
510 3073 561 3109 nee
582 3057 641 3108 fieri
663 3073 741 3125 posse
768 3054 965 3109 demonstrans:
995 3066 1133 3125 praeterea
1155 3072 1184 3107 se
1202 3057 1232 3105 in
1249 3056 1302 3106 ists
1320 3065 1349 3105 re

271 3128 398 3178 nuntium
416 3128 589 3196 interponere
612 3143 721 3195 prorsus
745 3124 883 3189 abnuens,
910 3128 1044 3181 discessit.
1087 3127 1154 3177 Pace
1178 3122 1351 3194 posunodum

272 3196 431 3258 constituta,
450 3198 640 3265 imperatorem
657 3211 736 3247 nrum
750 3204 901 3248 autumasse
919 3197 1025 3260 serunt,
1042 3195 1114 3247 side
1132 3196 1284 3247 iuramento
1305 3194 1350 3243 in-

273 3265 421 3318 tellexisset
437 3265 557 3333 aliquid,
575 3266 726 3317 iuraturum
737 3265 839 3329 fuisse,
857 3275 885 3317 et
899 3267 938 3387 ἰρε
950 3273 1005 3317 tom
1021 3264 1170 3319 audaeibus
1183 3263 1351 3316 facinoribus

272 3335 441 3404 supersederi
461 3336 594 3403 potuisse3
620 3333 685 3387 hine
709 3343 737 3388 et
759 3344 844 3388 totam
871 3335 938 3388 beli
961 3337 1067 3404 cuipam
1084 3336 1113 3386 in
1131 3351 1256 3404 msgnurn
1273 3334 1355 3401 logo·.

164 3452 167 3461 ,
274 3405 377 3457 theram
394 3404 567 3458 eoniieiebst.
608 3403 673 3456 Mox
689 3405 782 3458 iunior
803 3408 896 3457 amieis
912 3404 1180 3474 supervenientibus,
1202 3419 1272 3473 quse
1290 3405 1351 3471 ipse

274 3470 390 3534 dixerit,
418 3489 487 3544 quoe
506 3470 652 3543 logotheta,
664 3475 851 3544 responderit,
878 3490 938 3525 cum
956 3481 1130 3527 memorasset
1156 3481 1184 3526 et
1210 3473 1245 3524 nd
1262 3482 1352 3524 extre-

272 3560 345 3595 mum
356 3543 514 3595 adiecisset:
531 3542 603 3609 „Dei
616 3551 734 3596 mentem
749 3542 946 3614 consiliumque
957 3546 1017 3615 quis
1035 3541 1193 3614 cognovit?”
1211 3542 1351 3595 utiudhuc

223 3664 228 3667 .
272 3613 412 3684 paulisper
424 3612 564 3665 tolerando
582 3613 653 3664 viros
666 3630 696 3663 se
711 3622 894 3683 praestarent,
920 3631 966 3666 eos
984 3622 1026 3666 est
1043 3614 1212 3667 cohortatusr
1236 3611 1350 3664 hodier-

240 3682 245 3691 '
271 3698 337 3735 uum
355 3684 456 3752 quippe
474 3683 547 3734 diem
566 3682 724 3746 docturum,
743 3685 817 3754 quod
836 3685 976 3754 hueusque
989 3684 1085 3736 suisset
1101 3686 1260 3753 ignoratum.
1279 3680 1350 3732 Nem

273 3771 334 3805 oum
350 3766 460 3822 maguus
481 3750 646 3805 domesticus
661 3752 695 3804 ud
712 3753 930 3821 respondendum
949 3757 1125 3824 praestitutus
1142 3754 1194 3817 sit,
1212 3768 1274 3804 eum
1289 3751 1350 3819 ipss

273 3824 448 3891 responsione
463 3831 491 3875 et
504 3822 611 3874 consilii
628 3828 655 3872 et
668 3824 783 3875 actionis
801 3823 896 3876 ducem
914 3825 979 3877 sore.
1019 3824 1108 3896 Atque
1118 3820 1147 3873 hi
1159 3822 1285 3895 quidem,
1296 3819 1352 3871 hoc

160 3904 167 3917 '
273 3894 439 3957 deliberato,
462 3893 573 3962 digressi
597 3898 669 3945 suut.
713 3892 756 3944 Ad
776 3910 900 3963 magnum
920 3911 983 3947 vero
1001 3893 1179 3945 domesticum
1205 3891 1349 3944 hesternus

272 3963 385 4016 nuntius
400 3970 553 4025 revertens,
570 3976 727 4031 responsum
746 3960 782 4014 sul
800 3965 966 4033 imperatoris
982 3964 1054 4016 iussn
1068 3964 1165 4033 exegit
1201 3961 1353 4031 Respondit

272 4035 303 4085 in
320 4032 388 4085 haee
405 4032 499 4085 verbu:
519 4032 586 4084 Cum
602 4034 731 4102 propensi
755 4034 814 4086 eius
832 4036 862 4086 in
881 4049 910 4086 se
930 4034 1014 4086 snirui
1032 4034 1193 4086 documenta
1210 4030 1350 4101 complura

271 4102 387 4165 hubent,
406 4109 515 4156 utente
534 4102 686 4166 insonuit,
710 4104 821 4172 insuper
838 4106 891 4156 ista
904 4104 1060 4172 provinciae
1080 4102 1219 4155 delatione
1233 4102 1269 4154 orl
1288 4119 1351 4171 grs-

271 4175 325 4228 tiss
342 4172 481 4228 uberiores
499 4172 614 4244 agendas
632 4189 660 4228 se
678 4173 815 4246 compelli.
852 4173 935 4230 Orare
952 4182 1059 4242 terren,
1078 4181 1142 4245 post
1158 4175 1251 4229 omnis
1266 4174 1352 4227 esiam
