3000 4742
246 273 299 358 7⁰
626 262 906 332 Ciminiam

96 415 387 508 Δ.ῦ.ἰ3ιιγμάτων·
409 422 452 487 ἑά
471 412 529 506 γάρ
550 417 648 486 εἰπεῖν
668 420 799 486 δίκαιον.
826 423 897 486 ἐπεί
914 416 992 486 δἀἶ
1012 421 1204 509 δυσπραγίαν
1217 425 1329 488 τοσοῦ·

241 544 296 587 τον
315 519 469 586 ἔπνευσαν
485 517 569 604 βαρῦ
587 525 659 583 κατ’
677 520 768 601 ἐμοῦ,
788 513 870 584 tiore
883 542 938 601 μοι
954 523 1010 584 καί
1021 517 1061 585 τά
1081 520 1197 608 πατρὸς
1208 522 1329 605 σπλάγ-

240 647 303 707 χνα
322 623 472 686 τοσοῦτον
486 620 774 699 ἐκπεπολεμῶσθαι,
791 617 834 695 ὥς
848 622 929 703 μηδὲ
948 622 1004 704 τῇς
1021 616 1136 707 ὅτφοῦν
1152 618 1328 705 προσηκοῦ-

238 745 296 806 σης
319 716 503 803 ἐλευθερίας
522 716 688 801 τυγχάνειν
705 720 760 782 ἐπὶ
773 715 809 782 τὸ
831 715 869 783 τά
888 718 1067 802 ἐγκλήματα
1088 712 1323 800 ἀπολύσασθαι,

240 822 353 901 δέομαι
370 819 428 883 τοῦ
441 819 503 882 ’σοῦ
518 815 668 902 κράτους,
690 809 717 882 τά
732 820 878 900 βασιλεῦ,
899 815 944 903 μῇ
975 815 1127 904 πρότερον
1146 817 1343 904 piper-335

211 924 389 1000 cevcyxeie,
410 913 484 1001 sapie
498 908 538 980 άν
558 911 598 979 roi
613 911 810 1001 ἐγκλήματα,
831 912 911 1002 άπερ
934 919 1014 999 ἐμοῦ
1027 913 1253 1001 κατηγόρηκας,
1265 919 1328 998 βα-

238 1014 323 1103 σάνφ
338 1016 535 1102 ’δοκιμασθῇ
555 1007 613 1083 κῦν
628 1016 687 1096 μέν
703 1038 736 1078 τι
757 1013 922 1100 φαίνωμαι
938 1011 1057 1080 τούτων
1077 1016 1326 1100 ἐξειργασμένος,

238 1113 296 1200 την
309 1114 445 1200 ἐσχάτην
458 1115 569 1178 δοῦναι
584 1112 671 1198 δίκην
686 1113 900 1179 ἀποθανόντα·
919 1106 958 1179 niv
975 1116 1008 1179 d'
1020 1111 1187 1199 ἐλεύθερος
1200 1114 1235 1177 ἐκ
1248 1110 1327 1179 πάν·

239 1238 303 1279 των
318 1210 440 1279 τοῦιων
459 1213 657 1294 ἀποδειχθεῦ,
686 1208 761 1298 ὅπερ
780 1209 946 1293 οἶμαικαὶ
967 1216 1004 1278 οὲ
1024 1211 1199 1296 βούλεσθαι
1211 1209 1267 1277 καιΙ
1283 1214 1326 1277 δι’

237 1312 334 1397 εῦχῇς
349 1304 526 1392 ποιεῖσθαι,
546 1309 611 1375 τότ’
630 1312 754 1386 ἐξέσται
772 1307 867 1376 πάλιν
881 1315 983 1397 πατρί
995 1335 1030 1395 γε
1046 1304 1116 1376 ῦντι
1136 1309 1189 1375 σοι’
1201 1308 1256 1374 καί
1267 1331 1367 1374 rso-ro

239 1414 297 1500 ριἰρ
325 1412 474 1498 πράττειν
497 1407 535 1475 τά
555 1406 635 1474 κατά
656 1407 813 1495 γνάμην.”
850 1409 979 1487 Τοῦτοις
1001 1419 1068 1487 τοῖς
1088 1408 1191 1492 λόγοις
1206 1409 1251 1483 εἰς
1270 1406 1326 1495 ὄρ-

239 1509 297 1596 γῇν
313 1513 465 1597 ἐξαφθείς
484 1508 658 1575 ἐπιπλέονὸ
679 1508 892 1596 πρεσβύτερος
902 1505 1063 1592 βασιλεῦς,
1078 1509 1258 1596 τραχυτέρα
1269 1510 1328 1573 τοῦ
1370 1500 1374 1509 ’
1426 1554 1429 1557 -

154 1615 187 1670 V.
197 1613 369 1686 ὃὸάὲοντος·
381 1607 580 1693 χρησάμενος
594 1612 635 1696 τῇ
653 1612 753 1696 φωνῇ,
772 1606 816 1694 μὴ
838 1607 965 1674 οἴεσθαι
979 1606 1077 1674 αὐτὸν
1092 1606 1177 1691 ἔλεγε
1190 1609 1254 1672 τῶν
1268 1631 1327 1670 κα-

240 1711 400 1790 λουμένων
419 1704 482 1771 άπὸ
500 1710 650 1792 Χριστοῦ.
671 1704 688 1770 ὃ
718 1712 788 1783 νέος
801 1710 836 1773 δὲ
854 1702 1050 1794 Ἀνδρόνικος
1066 1703 1169 1782 coede
1183 1703 1263 1791 πρὸς
1272 1698 1326 1771 τῦν

239 1810 382 1872 τοιοῦτον
390 1800 535 1870 άπαντῦν
549 1804 649 1889 λόγον,
669 1806 835 1892 ,κράτιστε
847 1808 999 1888 βασιλεῦ’
1014 1804 1077 1891 ἔφη
1086 1806 1169 1885 „suiv
1183 1803 1255 1887 ἐμοί
1265 1809 1366 1873 rems

119 1932 124 1953 ·
210 1907 472 1989 niumag-idemne
494 1906 692 1988 ἐγκλημάτων
709 1897 940 1970 modicissimam
954 1908 1009 1969 καί
1025 1906 1191 1987 χαλιπιῦν,
1204 1900 1251 1969 ἔτι
1271 1901 1328 1968 καί

238 2008 336 2069 πλείω
358 2005 413 2068 καί
428 2003 634 2090 χαλεπώτερα
655 2007 714 2068 σοῦ
732 2001 942 2089 προτάξαντος
957 1999 1075 2089 Ιἤνεγκα
1093 1997 1133 2068 άν
1150 2004 1231 2089 σιγῇ.
1254 1998 1325 2067 ddi

238 2104 295 2168 νῦν
312 2099 410 2188 ἔφης,
440 2098 485 2185 μή
508 2099 638 2167 οἴεσθαί
657 2126 699 2185 με
720 2100 935 2189 Χριστιανὸν,
963 2106 1110 2167 τοσοῦτον
1136 2095 1244 2183 daege
1264 2102 1325 2165 τοῦ

239 2202 313 2287 σιγῇ
328 2203 436 2286 φέρειν
452 2194 474 2284 ἢ
488 2197 564 2288 πρὸς
579 2200 636 2284 ἐμὲ
656 2202 803 2289 εἰρῆσθαι
825 2201 982 2283 νομιζειν,
1002 2195 1077 2266 doe
1098 2191 1263 2285 ἔμπίάοςῇ
1276 2224 1325 2264 τι.

239 2314 293 2376 νος
305 2302 369 2364 soie
396 2300 599 2386 φαυλοτέρων
622 2298 680 2385 τὴν
707 2300 817 2387 φωνῇν
841 2298 959 2386 ταύτην
978 2301 1107 2381 νομιζω.
1132 2301 1202 2365 ἀλλ’
1224 2300 1366 2370 elesino

240 2392 347 2479 αῦτός,
368 2422 460 2483 φημι,
482 2397 543 2481 orig
563 2399 623 2486 ἡγῇ
645 2423 687 2482 με
711 2398 921 2486 Χριστιανὸν,
942 2399 1010 2463 ἀλλ’
1032 2396 1139 2483 ῦγετό
1154 2396 1325 2480 σεβάσμιον

239 2488 338 2560 αῦτοῦ
359 2492 440 2578 αἷμα
457 2497 538 2582 ὑπὲρ
559 2499 639 2579 ἐμοῦ
670 2496 903 2584 φιλανθρώπως
932 2499 1044 2581 ἐκχέας
1064 2493 1223 2583 Χριστὸς,
1242 2492 1322 2582 ῦπὲρ

239 2585 278 2657 οῦ
298 2591 355 2657 καί
371 2589 468 2670 αῦτάς
480 2584 603 2677 ἕτοιμος
612 2590 693 2661 εἶναι
708 2596 743 2660 τὸ
757 2593 839 2662 ἴδιον
857 2598 1043 2677 ἀποδοῦναι,
1064 2597 1179 2681 καιροῦ
1192 2596 1325 2659 καλοῦν-

239 2714 302 2774 τος,
322 2686 528 2779 θαρροῦντας
547 2694 640 2781 φημί,
661 2689 779 2762 ἑαυτοῦ
793 2693 850 2760 καί
865 2694 969 2762 οἴεταί
974 2719 1015 2778 με
1031 2697 1086 2759 καί
1096 2688 1250 2776 ὀνομάζει
1269 2691 1327 2758 καί

312 2814 349 2866 ι6.
365 2812 588 2944 ίἐγειανεγάίντων
605 2821 695 2875 antea.
776 2832 818 2870 no.
837 2816 878 2868 Ita
897 2831 965 2868 corr.
990 2832 1040 2885 pro
1057 2814 1199 2885 repetiere,
1217 2812 1274 2867 ΕΙ).
1293 2812 1319 2865 P.

308 2898 364 2953 νομ
407 2902 443 2937 ιν.
950 2904 957 2919 ·

238 2984 300 3038 ilios
319 3002 399 3056 quam
417 3004 461 3040 me
482 2987 615 3046 indicasse
628 2986 801 3059 prudentius.
836 2986 907 3040 Mihi
924 3004 987 3040 vero
1003 2986 1101 3039 melius
1121 2984 1212 3055 (mitto
1228 2985 1320 3038 dicere

238 3057 348 3127 iustius)
363 3056 559 3126 persuadebam
570 3060 637 3123 fore,
654 3061 783 3112 eomodo
802 3076 891 3111 rerum
910 3066 1035 3111 eventum
1048 3057 1150 3109 videre.
1187 3056 1325 3177 ganniens

239 3133 329 3177 antem
347 3127 456 3179 adversa
474 3147 531 3182 sors
548 3133 587 3183 ite
607 3147 650 3182 mc
665 3129 836 3182 horribiliter
852 3130 965 3191 afflavit,
989 3136 1020 3179 ut
1044 3127 1121 3180 nulio
1145 3143 1189 3179 mo
1210 3144 1226 3178 o
1253 3126 1323 3179 mibi

238 3192 358 3247 debitam
374 3197 529 3251 libertatern
548 3199 583 3251 ad
607 3200 828 3270 respondendum
848 3199 1008 3252 criminibus
1026 3198 1183 3261 obtineam,
1199 3214 1247 3251 oro
1264 3214 1325 3248 ms·

238 3266 364 3317 restarem
382 3276 471 3327 tuam,
492 3271 646 3338 imperator,
664 3272 706 3322 nii
726 3273 801 3340 prins
820 3272 982 3322 sententiam
1002 3286 1037 3320 ne
1056 3269 1135 3331 feras,
1154 3283 1233 3340 quam
1252 3283 1323 3337 quae

239 3333 386 3400 obiecisti,
408 3339 547 3408 explorata
566 3349 594 3392 et
620 3340 734 3410 probata
752 3342 869 3393 fuerint:
890 3348 921 3391 ut
938 3342 961 3390 si
980 3338 1047 3410 qnid
1067 3356 1161 3391 eorum
1182 3337 1323 3390 admisisse

240 3405 446 3474 deprehendar,
475 3411 564 3477 eapite
597 3427 698 3478 poenas
727 3411 880 3463 exsolvam:
908 3410 951 3460 sin
970 3418 1060 3462 antem
1075 3425 1124 3477 per
1142 3410 1232 3461 omnin
1252 3407 1325 3459 iiber

230 3482 267 3549 *et
292 3477 422 3529 innocens
453 3479 576 3530 inveniar
600 3479 686 3551 (qnod
713 3488 740 3533 te
764 3497 874 3551 quoqne
900 3478 1053 3531 desiderare
1079 3486 1107 3530 et
1132 3480 1202 3531 votis
1228 3485 1323 3546 optare

238 3546 375 3618 existimo)
393 3556 424 3598 nt
453 3546 505 3599 tibi
528 3566 631 3600 rursum
655 3552 725 3617 patri
743 3568 774 3601 ac
799 3549 909 3601 domino
928 3567 989 3602 meo
1008 3548 1082 3620 quod
1100 3549 1215 3601 libuerit
1232 3548 1323 3601 iacere

237 3615 327 3670 liceat.
381 3617 428 3669 His
453 3617 542 3670 verbis
568 3621 670 3670 maiore
697 3621 875 3671 inflammatus
901 3620 940 3672 ira
967 3622 1059 3671 senior
1092 3621 1228 3688 asperiore
1257 3632 1323 3669 voce

238 3701 319 3805 :poam
343 3686 382 3737 fas
407 3697 464 3740 erat
484 3689 658 3753 exclamans,
684 3689 810 3741 arbitrari
827 3708 856 3742 se
881 3691 959 3742 illum
985 3707 1041 3741 non
1061 3706 1118 3741 esse
1138 3688 1324 3742 Christianum

259 3757 318 3806 isin
354 3757 408 3810 Cui
426 3757 507 3809 verbo
518 3757 610 3811 innior
628 3762 718 3810 statim
739 3761 777 3811 sic
794 3761 924 3813 occurrit:
944 3760 1012 3812 Com
1030 3761 1115 3812 mnitn
1134 3767 1161 3810 et
1180 3759 1269 3828 gravia
1288 3758 1323 3810 de

237 3842 281 3877 me
300 3827 412 3878 crimina
440 3828 620 3897 praedicaris,
639 3830 787 3898 imperator
810 3834 930 3900 optime,
958 3832 981 3882 si
1006 3831 1083 3900 plura
1109 3828 1197 3881 adhue
1216 3837 1244 3880 ei
1262 3846 1324 3898 gra·

237 3898 313 3948 viora
332 3898 525 3966 praedicasses,
545 3900 655 3954 silentio
674 3901 881 3954 sustinuissem:
901 3900 949 3953 sed
967 3903 1032 3972 quia
1051 3917 1124 3952 nnnc
1141 3916 1185 3950 me
1204 3899 1324 3951 Christi-

237 3982 350 4017 anornm
368 3986 480 4021 numero
501 3969 597 4021 eximis
607 4008 616 4032 ,
636 3977 742 4021 tantum
761 3972 858 4035 abest,
879 3980 911 4024 nt
927 3970 979 4022 boc
1001 3972 1098 4022 incitus
1119 3971 1204 4022 ieram
1225 3977 1272 4020 ant
1291 3971 1324 4022 in

235 4052 279 4087 me
298 4039 441 4092 convenire
468 4037 633 4103 ducam,⁴nt
656 4042 765 4106 calicis,
792 4051 839 4095 ent
866 4043 889 4094 si
915 4041 983 4112 qnid
1008 4050 1050 4093 est
1067 4058 1099 4092 eo
1118 4039 1322 4108 contemptius,

235 4104 306 4159 banc
326 4122 418 4162 vocem
446 4109 536 4162 dicere
559 4128 615 4163 non
637 4126 739 4169 verear.
775 4112 828 4164 Sed
854 4120 886 4163 ni
903 4120 933 4162 tn
960 4128 1003 4162 me
1021 4127 1069 4178 pro
1090 4109 1247 4162 Christiano
1266 4125 1323 4161 non

235 4173 356 4243 babeat,
375 4187 404 4231 st
422 4188 494 4234 cerie
506 4179 638 4245 Christus,
656 4184 705 4253 qui
721 4184 870 4254 pretiosum
883 4182 1043 4253 sangninem
1060 4198 1138 4235 suum
1147 4197 1197 4253 pro
1214 4196 1258 4234 me
1271 4179 1322 4232 be-
