3000 4742
621 283 726 345 uuns
756 285 796 343 11.
1050 228 1054 237 ⁸
1160 262 1244 375 309

177 440 291 493 iuratio.
335 439 491 493 Maiestatis
515 454 533 487 a
560 430 745 506 Zamplaeone
771 436 939 499 arcessitus,
960 440 1065 496 crimen
1086 457 1171 514 negat
1192 447 1244 517 aa).

173 511 209 562 ln
218 526 318 560 summo
328 507 488 561 discrimine
502 505 541 557 ad
549 505 768 559 misericordiam
786 503 929 560 domestici
940 508 1083 581 'confugite
1103 518 1154 585 qui
1163 532 1188 569 ee
1202 520 1246 569 in·

172 591 280 648 gratam
292 579 412 631 animum
427 578 610 650 exprobrans,
626 577 805 647 aliquatenus
827 577 962 630 auxilium
980 585 1115 650 promittit
1129 587 1246 637 stultiti-

173 648 354 716 amqaesacti
367 649 453 717 ipsius
473 649 590 717 apologo
605 645 791 716 festivissimo
807 660 873 699 ante
887 650 984 700 oculos
999 652 1151 724 possiem)
1192 655 1246 707 Ni·

172 733 256 768 caeae
273 717 307 768 ab
326 719 451 771 Orchane
464 719 549 771 Persa
568 716 692 769 obsessae
706 718 899 778 succurritur,
912 736 969 787 poa
988 724 1168 789 componitur.
1202 725 1245 779 De

170 787 327 855 Syrgianne
348 787 481 840 iudicium
506 797 665 840 exercetur.-
681 785 887 855 ampliationem
902 791 988 857 petit:
1008 790 1137 844 Galatam
1145 793 1244 863 jugit,

169 854 218 908 ubi
242 853 393 925 diligenter
414 858 574 930 quaesitus,
593 873 650 907 non
671 855 824 907 inuenitur.
860 855 929 910 Inde
947 857 1099 923 Euboeam,
1118 860 1183 914 inde
1208 864 1247 917 ael

170 927 279 977 Cralem
295 926 364 989 abit,
384 929 431 980 cui
446 924 579 978 aduersus
589 925 725 977 Romanos
738 921 787 975 dat
802 926 982 997 operam(ob).
1011 928 1166 999 Sphranzes
1179 946 1246 984 con·

168 1005 213 1045 tra
231 996 412 1064 Syrgiannem
425 1014 454 1049 se
468 998 630 1065 imperatori
647 993 735 1065 afflat:
754 997 819 1065 qui,
857 1012 893 1046 na
907 996 1019 1051 ratione
1036 1000 1119 1051 uiuus
1131 1014 1166 1051 ac
1183 1002 1244 1057 sine

166 1080 262 1133 pugna
278 1066 309 1116 in
320 1077 479 1136 potestatem
497 1067 606 1128 ueniat,
623 1064 803 1116 consultatur.
837 1014 983 1136 Negotium
1000 1068 1137 1138 Sphransi
1149 1065 1243 1125 datur.

167 1133 269 1187 Persae
284 1137 316 1187 in
329 1134 499 1189 Macedonia
514 1136 594 1186 uicti.
630 1133 783 1203 Sphranzes
796 1134 977 1204 Syrgiannem
993 1151 1055 1192 astu
1069 1138 1189 1192 occidit.-
1207 1142 1242 1192 ab

168 1204 334 1273 imperatore
348 1209 472 1276 praemio
492 1205 626 1278 afficitur.
665 1205 731 1255 Cum
750 1204 834 1256 Crale
848 1205 999 1257 concordia
1013 1212 1183 1271 resarcitur,
1202 1212 1242 1262 ci·

167 1273 272 1325 uitates
292 1275 326 1326 ab
351 1293 382 1328 eo
399 1290 497 1345 captae
519 1272 558 1326 ad
570 1271 655 1345 fidem
670 1271 802 1325 redeunt:
820 1272 905 1325 eidem
920 1277 1056 1329 auxilium
1070 1279 1105 1330 ab
1123 1279 1242 1349 inspera-

167 1353 228 1396 tore
239 1345 427 1416 mittitur(25).
454 1347 561 1415 Regina
570 1344 693 1396 Moesiae
705 1360 758 1413 per
776 1340 846 1393 duos
860 1359 987 1412 proceres
1006 1362 1091 1428 regno
1106 1351 1235 1419 erigitur.

167 1411 324 1467 Alexander
336 1415 486 1467 Michaelis
501 1433 534 1468 ex
544 1431 638 1467 sorore
653 1430 736 1481 nepos
750 1430 801 1464 reu
809 1410 982 1482 maternae,-
1001 1435 1049 1487 qus
1057 1417 1147 1480 urbes,
1167 1435 1248 1486 quae»

165 1499 194 1533 ss
209 1484 370 1553 imperatori
385 1483 560 1549 dediderant,
573 1501 671 1552 magno
679 1483 797 1534 collecto
810 1484 932 1534 exercitu
947 1498 1111 1553 recuperare
1128 1501 1241 1540 conten·

165 1549 216 1604 dit.
249 1555 350 1608 Persae
367 1552 555 1606 Nicomediam
577 1552 715 1604 obsessuri
739 1564 886 1605 terrentur.
932 1552 1089 1622 Imperator
1105 1558 1238 1610 Moesiam

165 1620 286 1675 inuadit.
322 1626 383 1676 Paa
398 1626 535 1676 sancitur.
569 1624 623 1674 Pro
643 1621 756 1673 urbibus
773 1623 874 1674 ablatis
896 1620 1084 1692 digladiatis,
1102 1626 1238 1680 Anchialo

164 1690 318 1760 Diampolis
330 1705 502 1764 permutatur
501 1692 576 1813 ‹iffi›
618 1689 778 1743 Alexander
799 1690 930 1755 Scythas,
948 1692 1002 1744 sibi
1017 1695 1125 1745 aemilio
1140 1709 1239 1749 contra

161 1775 293 1831 patruum
309 1766 470 1824 uenientes,
520 1765 566 1813 olo
591 1762 623 1812 irs
644 1761 778 1812 Romanos
796 1761 880 1811 mittit
902 1762 949 1811 uel
962 1764 1114 1830 praemittit
1135 1767 1237 1832 potius.

162 1833 304 1884 Atrociter
340 1844 469 1901 ugaatur.
511 1831 721 1882 Matrimonium
736 1847 796 1883 eum
810 1830 908 1882 Maria
926 1831 1101 1900 imperatoris
1110 1834 1180 1900 filia
1194 1834 1237 1885 bis

160 1902 284 1969 petitur,
330 1903 354 1953 is
380 1912 535 1953 recusatur.
570 1897 676 1952 Poedus
697 1900 809 1969 seritur.
847 1899 1013 1952 Conuiuium
1034 1901 1124 1952 initur
1150 1916 1179 1955 et
1204 1902 1237 1955 de

163 1971 328 2023 strenuitate
355 1971 473 2024 Romani
495 1967 721 2021 commendantur
735 1968 800 2038 (27).
842 1969 970 2020 Amarius
1000 1971 1098 2023 ioniae
1122 1985 1238 2042 satrapa

164 2037 314 2092 Therasiam
331 2041 494 2100 incursans,
514 2038 627 2092 illaesus
645 2039 710 2090 abit.
746 2039 847 2090 Senior
859 2040 1008 2108 imperator
1023 2052 1050 2093 et
1061 2053 1149 2092 mater
1164 2042 1239 2094 iuni·

162 2107 220 2173 oris
233 2107 287 2159 hac
304 2112 367 2162 luce
389 2110 596 2177 defunguntur,
615 2107 813 2160 Monomachue
831 2106 989 2163 Thessaliae
1002 2109 1172 2180 gubernator
1191 2126 1237 2163 re-

162 2177 258 2231 bellat.
294 2181 426 2233 Montani
445 2178 572 2231 Thessali
587 2179 752 2248 imperatori
771 2178 885 2249 salutem
901 2176 1014 2241 dicunt,
1032 2179 1164 2251 obsequia
1184 2198 1236 2233 sua

117 2282 122 2288 -
161 2248 190 2301 ei
198 2244 360 2318 deserentes.
397 2251 463 2302 Cum
483 2248 564 2299 Crale
586 2250 738 2317 imperator
750 2249 859 2317 aliquot
871 2245 929 2299 dies
944 2247 1075 2301 hilariter
1085 2261 1113 2300 et
1122 2251 1154 2299 in
1170 2266 1238 2318 epu·

164 2318 202 2370 lis
221 2319 428 2388 consumitlab).
469 2317 569 2370 lesbus
588 2336 605 2369 a
633 2317 821 2369 Genuensibus
836 2331 1004 2385 occupatur.-
1030 2336 1062 2372 eo
1086 2319 1236 2387 imperator

161 2404 221 2439 cum
234 2388 321 2440 classe
338 2405 440 2458 magna
453 2404 505 2456 pro
518 2388 657 2438 sciscitur:
682 2388 761 2440 Delii
777 2403 794 2436 a
813 2387 999 2441 Genuensibus
1012 2385 1162 2459 deficiunt:
1182 2396 1235 2441 nec

162 2459 186 2509 ii
211 2473 270 2508 cum
287 2458 417 2510 Romanis
433 2473 485 2509 can
508 2459 583 2528 igere
606 2454 717 2514 audent,
753 2456 891 2510 Pincerna
916 2455 955 2508 ad
972 2457 1129 2525 Mitylenen
1150 2475 1235 2528 oppu-

158 2525 298 2598 gnandam
313 2528 497 2600 relinquitur.-
514 2539 605 2580 cetera
619 2525 720 2596 oppida
730 2528 860 2580 Romanis
872 2542 901 2579 se
913 2525 1024 2583 dedunt.
1046 2528 1149 2581 Contra
1161 2527 1235 2581 Pho·

161 2613 255 2650 caeam
280 2610 307 2650 et
330 2599 486 2664 Mitylenen
506 2600 655 2666 imperator
670 2594 822 2650 Sarchanis
847 2604 976 2666 satrapae
998 2597 1134 2651 auxilium
1151 2599 1234 2650 inuo-

160 2678 214 2719 cat.
249 2666 460 2720 Phocaeensium
472 2668 503 2719 in
517 2684 546 2720 se
564 2663 735 2735 defendendo
747 2668 914 2718 constantia.
951 2667 1018 2719 Tres
1028 2667 1087 2737 filii
1102 2678 1233 2737 satrapae

158 2735 258 2788 Ioniae
280 2738 441 2807 imperatori
456 2735 547 2809 fidem
567 2754 643 2789 suam
670 2737 847 2804 pollicentur.
882 2735 1022 2789 Nobilium
1048 2737 1232 2789 Romanorum

159 2803 334 2857 clandestina
352 2808 383 2858 in
399 2808 589 2876 imperatorem
599 2804 721 2876 perfidio
731 2804 806 2875 (29):
826 2808 924 2875 ingens
940 2803 1028 2859 eidem
1044 2824 1062 2857 a
1075 2807 1166 2859 Persis
1179 2823 1233 2857 au⁴

157 2874 265 2926 uilium
284 2877 383 2945 Magni
395 2876 538 2928 domestici
549 2892 608 2927 cum
621 2876 734 2927 Amurio
745 2876 830 2926 Persa
847 2876 1031 2945 colloquium,
1051 2887 1078 2926 et
1094 2875 1230 2943 epulatio,

158 2956 185 2997 et
200 2957 334 3014 quantum
345 2949 440 3013 gratia
455 2943 531 3014 apud
542 2963 601 2997 eum
610 2946 740 3014 potuerit.
775 2946 946 2998 Domesticus
962 2945 1078 2996 amicum
1094 2941 1230 3012 quendam

159 3016 326 3067 Genuensem
339 3015 378 3065 ael
390 3016 598 3067 tabernaculum
610 3031 687 3065 suum
706 3014 829 3075 inuitat,
850 3015 896 3066 cui
904 3012 1047 3065 Phocaeae
1061 3010 1231 3065 deditionem

157 3085 268 3154 egregia
286 3086 415 3137 oratione
430 3083 599 3154 suadetlbo).
635 3084 686 3135 ttte
703 3081 737 3135 de
752 3100 863 3135 suorum
879 3082 1066 3135 obstinatione
1082 3083 1231 3148 conqueri-

158 3165 219 3215 tur,
238 3156 382 3207 consilium
399 3156 496 3225 poscit.
531 3154 650 3219 Magnus
661 3151 822 3206 domesticus
839 3164 1000 3213 auctorest,
1014 3152 1049 3202 ab
1065 3153 1229 3223 imperatore

156 3225 270 3276 ueniam
285 3238 367 3277 orent
374 3245 384 3291 ,·
404 3225 503 3277 Persas
514 3221 621 3276 obsides
630 3225 659 3276 ei
668 3221 772 3274 donent
779 3243 790 3289 ;
801 3222 952 3275 Phocaeam
964 3235 990 3274 et
999 3222 1154 3289 Mitylenen
1162 3219 1230 3274 red-

155 3291 240 3347 dant.-
257 3296 343 3347 multo
354 3295 418 3347 item
433 3295 505 3345 bona
515 3304 668 3352 enumerat,
685 3293 785 3362 quibus
803 3292 838 3344 ab
854 3309 885 3346 eo
903 3291 1048 3364 afficiendi
1058 3292 1120 3344 sint.
1145 3292 1228 3345 Urbes

155 3381 215 3415 cum
230 3362 369 3417 obsidibus
383 3363 549 3424 redduntur,
565 3365 606 3415 ita
622 3361 723 3415 lesbus
737 3363 945 3434 recipitur(31).
980 3362 1084 3415 Albani
1097 3363 1228 3413 tumultu-

155 3446 251 3495 antur,
271 3434 432 3487 ciuitatibus
446 3433 550 3486 uicinis
561 3431 787 3502 depopulationes
804 3431 940 3503 inserunt,
959 3430 1107 3485 domantur
1117 3433 1228 3482 immen-

153 3519 240 3574 saque
252 3504 357 3573 praeda
373 3506 543 3573 congeritur.
569 3503 751 3555 Acarnanum
763 3519 908 3574 procerum
926 3501 959 3557 de
974 3501 1138 3572 imperatore
1153 3502 1226 3553 reci-

151 3568 255 3643 piendo
272 3570 481 3642 disseruiolba):
499 3574 613 3643 reginae
625 3574 761 3625 sententia
779 3572 956 3642 approbatur.
992 3572 1033 3626 Be
1048 3572 1153 3641 nuptiis
1165 3587 1226 3621 cum

152 3642 279 3710 principe
288 3642 440 3712 Nicepharo
451 3655 478 3696 et
488 3641 630 3694 domestici
628 3641 700 3715 filia
720 3644 871 3695 assentitur
884 3644 1035 3711 imperator
1042 3660 1053 3708 ,·
1070 3641 1225 3694 libertatem

161 3722 252 3779 negat.
286 3712 368 3765 Dedit
379 3731 408 3766 se
422 3715 572 3784 prouincia
585 3711 1053 3783 imperatorisquemansuetudinem
1069 3729 1102 3764 ac
1123 3709 1225 3776 benefi-

157 3780 275 3831 centiam
289 3783 544 3836 commemorabilem
554 3783 702 3852 experitur.
736 3782 808 3835 Puer
822 3781 991 3853 Necephorus
1005 3800 1022 3833 a
1034 3779 1180 3832 malevolis
1186 3777 1228 3830 ad

155 3845 292 3901 dominam
310 3852 425 3905 Tarenti
442 3853 619 3921 transfertur.
653 3851 740 3904 Rebus
757 3850 902 3922 confictis,
920 3854 1071 3922 imperator
1078 3849 1224 3902 T'htssalo·

155 3918 246 3972 nicam
268 3918 346 3974 redit.
384 3921 542 3974 Alexander
566 3939 617 3974 rea
637 3922 793 3975 Moesorsun
816 3939 898 3993 super
914 3920 1089 3972 matrimonio
1116 3919 1222 3987 legatos

154 3988 252 4047 mittit,
269 3991 314 4042 cui
326 3995 454 4061 quamuis
467 3993 604 4053 barbaro,
619 3991 726 4059 publici
738 4009 823 4044 eausa
837 3987 968 4043 commodi
976 3989 1068 4060 filiam
1083 4004 1160 4040 suam
1174 3985 1223 4040 de·

153 4055 339 4128 spondetlbb).
373 4061 472 4113 Persae
485 4074 612 4130 raptores
628 4077 646 4110 a
663 4058 808 4112 domestico
826 4072 855 4112 et
867 4060 1032 4130 imperatore
1052 4057 1219 4118 caeduntur,

153 4129 313 4198 capiuntur,
372 4143 465 4183 antur.
486 4132 651 4198 Nuptiarum
663 4126 739 4197 apud
748 4127 952 4197 Adrianopolin
965 4128 1119 4183 celebritas.
1135 4128 1222 4197 alcar-

152 4215 256 4254 nartuat
270 4196 303 4251 dc
317 4199 398 4259 enta.
431 4200 602 4269 Nicephorus
619 4217 638 4251 a
652 4199 799 4255 rebellibus
814 4201 1048 4283 repetittsr'atque
1071 4215 1090 4250 a
1100 4196 1221 4251 *Tertu-
