3000 4742
512 233 805 330 ιιιείοιοιλειυτοΙ
826 241 852 302 1.
880 246 932 309 ut.
1184 239 1274 324 ‹199

206 393 261 459 έπό
279 377 335 457 reri
348 390 464 476 θρόνου
478 393 602 470 καθιζει
616 389 718 457 πάλιν·
735 391 765 457 ελ
780 392 809 456 θ’
823 387 900 473 ἔχει,
914 384 980 454 τότε
1001 391 1056 457 καί
1069 385 1164 480 αέτην
1175 390 1272 477 άνάγ-
1283 405 1342 460 tc.
1354 406 1418 462 1325

206 515 245 575 κη
263 491 435 575 στεφθῆναι
457 491 555 553 πάσα.
584 487 634 555 διό
651 489 706 555 καί
733 490 972 573 ἒξανισταμένην
989 490 1044 552 τοῦ
1063 493 1197 575 θρόνον,
1218 492 1276 556 όόο

208 591 272 652 τάν
293 584 510 671 γνησιωτάτων
524 581 721 673 ἑκατέρωθεν
739 586 907 669 λαβόμενοι
932 589 1105 670 συγγενῶν,
1135 583 1157 672 ἢ
1180 590 1210 653 τό
1231 586 1302 675 rapit

207 687 351 768 γνησίους
366 681 446 768 ἔχοι,
466 687 608 768 ἐκτομίαι
624 688 767 751 τοσοῦτοι
782 688 836 768 τῆς
857 682 1040 768 άναβάθρας
1055 707 1090 747 τε
1106 687 1277 769 κατάγουσι

190 784 423 869 5καίφέροντες
438 779 546 847 ἱοτάσι
563 780 623 868 πρό
638 786 696 847 τοῦ
713 783 843 847 οωλέοο.
863 777 1087 867 κατερχόμενος
1099 783 1135 846 όὲ
1151 780 1168 845 ό
1185 789 1277 863 βασι-

205 879 287 962 λεός,
303 878 339 947 τό
360 883 401 946 δι’
420 879 516 966 αότην
538 882 782 967 ηότρεπισμένον
794 883 918 964 στέμμα
938 878 1107 962 λαμβάνων
1126 869 1190 944 'riuti
1205 905 1277 966 γνη-

206 982 285 1046 σίων
304 973 431 1063 errori}
451 982 604 1062 ἐκτομιοῖν
627 979 846 1063 κατεχόμενον,
877 976 932 1044 καὶ
958 976 1033 1044 etri
1058 977 1215 1063 έπιτίθησι
1239 982 1278 1064 τῇ

206 1082 330 1165 κεφαλῇ
345 1081 401 1163 τῆς
414 1076 579 1162 γυναικός·
598 1078 618 1162 ἦ
643 1079 678 1144 δὲ
698 1074 752 1144 τόν
767 1071 867 1164 άνόρα
889 1075 945 1142 καό
958 1079 1090 1160 βασιλέα
1102 1085 1277 1162 προσκυνεῖ,

209 1176 353 1262 όορλείοιν
373 1174 576 1260 ὁμολογοῦσα.
593 1173 609 1241 ὁ
624 1174 821 1262 πατριάρχης
839 1177 873 1242 tie*
884 1172 971 1262 παρά
986 1172 1041 1240 τόν
1055 1176 1176 1240 σωλέαν
1191 1172 1278 1239 terri-
1300 1243 1304 1250 ,
1399 1245 1405 1254 ,

169 1296 300 1356 τομενος
325 1276 379 1339 καί
405 1272 514 1355 αότός,
539 1276 674 1359 ἐπιλέγει
699 1273 799 1359 εόχην
821 1273 899 1361 όπέρ
919 1298 955 1339 τε
974 1276 1032 1338 τοῦ
1047 1265 1301 1358 βασιλέως’και“’

205 1371 365 1456 βασιλίδος
385 1371 441 1439 καὶ
456 1375 513 1439 τοῦ
527 1372 666 1460 ὑπηκόου
682 1372 805 1451 παντός.
825 1369 907 1438 οότω
924 1375 985 1455 μὲν
1002 1364 1057 1439 οόν
1073 1369 1129 1437 καί
1153 1367 1170 1437 ό
1184 1376 1278 1455 βασι-

204 1466 279 1547 λεάς
296 1468 358 1556 Ιτήν
382 1470 468 1538 ἰδίαν
491 1481 624 1556 γυναῖκα
648 1474 767 1558 στέφει.
796 1471 828 1535 εἰ
846 1472 882 1536 δὲ
906 1473 1015 1557 συμβῇ
1028 1472 1275 1557 προεστεμμένον

204 1564 284 1634 εἶναι
299 1567 353 1636 τόν
368 1573 501 1660 βασιλέα
510 1620 520 1650 ,
540 1569 593 1635 ἐπὶ
609 1572 666 1656 τῆς
683 1572 745 1636 τῶν
758 1565 867 1653 γάμων
881 1573 1008 1653 τελετῆς
1022 1565 1039 1632 ὅ
1056 1566 1205 1651 βασιλεός
1218 1564 1300 1654 τῆνο

205 1667 289 1732 ἷόίαν
315 1668 467 1745 ὦοαότως
477 1671 592 1755 στέφει
606 1677 748 1751 γυναῖκα.
779 1661 875 1743 αόθις
898 1668 933 1732 δὲ
948 1666 1123 1755 ἀμφότεροι
1145 1665 1199 1731 ἐπὶ
1223 1663 1280 1751 την

169 1764 397 1852 ιὸάναβάθραν
414 1760 627 1851 άνερχόμενοι,
647 1765 803 1850 κάθηνται
819 1768 873 1832 ἐπὶ
890 1770 953 1830 ταῖν
964 1762 1098 1851 θρόνων,
1117 1768 1175 1852 τῆς
1186 1757 1280 1849 άλλης

204 1865 427 1947 μυσταγωγίας
450 1865 645 1949 τελουμένης.
673 1864 827 1952 ηἷόομένου
854 1866 962 1947 μέντοι
986 1866 1045 1928 τοῦ
1075 1860 1280 1953 τρισαγιουῆ

205 1964 270 2025 τῶν
287 1962 641 2046 άποστολικῶνγραφῶν
656 1957 678 2049 ἢ
696 1964 757 2028 τῶν
782 1965 877 2026 θείων
894 1962 1005 2045 λογίων
1025 1963 1276 2047 οἶναγινωσκομέ,

206 2083 279 2140 νων,
294 2058 479 2125 άνίστανται
496 2063 551 2124 καί
568 2054 669 2124 αότοί.
688 2060 722 2139 ἐξ
740 2056 892 2145 ἑκατέρων
908 2062 944 2125 δὲ
964 2060 1026 2126 τάν
1048 2064 1106 2125 τοῦ
1126 2065 1203 2125 ναοῦ
1222 2085 1280 2143 με·

206 2161 273 2243 ρῶν
293 2156 349 2223 ἐπὶ
372 2158 502 2235 ξυλίνων
526 2152 718 2244 άναβαθραῑν
737 2159 783 2234 εἰς
804 2153 882 2223 αότό
902 2160 993 2223 τοῦτο
1017 2163 1230 2245 πεποιημένων
1250 2160 1281 2225 οἶ

132 2287 135 2290 ·
167 2255 434 2343 τοπρωτοψάλται
452 2256 614 2340 ἱστάμενοι
637 2258 692 2322 καί
708 2260 886 2339 όομέστικοι
909 2254 1085 2340 λεγόμενοι,
1097 2257 1161 2323 ’καί
1178 2261 1280 2345 ἕτεροι

333 299 353 328 ἢ

204 2357 258 2440 τῆς
273 2358 525 2442 ε’κκλησιαοτικῆς
542 2354 658 2436 τάξεως
675 2348 762 2445 ᾅδειν
776 2356 908 2437 εἰδότες,
929 2351 984 2434 οός
1000 2356 1054 2421 ε’πί
1066 2359 1122 2441 τῆς
1136 2359 1280 2441 τοιαύτης

203 2455 325 2538 τελετῆς
352 2451 487 2539 κράκτας
512 2452 585 2532 ἔθος
614 2452 777 2536 ὀνομάζειν
810 2456 896 2534 έστί,
932 2456 1012 2540 μέλη
1048 2451 1119 2519 τινά
1149 2447 1281 2542 ᾅδουσιν

160 2629 163 2634 γ
205 2551 380 2636 ε’ξεπίτηόες
396 2557 620 2636 συντεθειμένα
646 2552 882 2640 άρμόζοντατῇ
899 2545 1002 2640 ἑορτῇ.
1020 2553 1074 2637 τῆς
1093 2552 1229 2639 μεγάλης
1244 2553 1280 2619 δὲ
1365 2547 1370 2560 ’

276 2701 320 2739 no.
335 2686 504 2740 Dicebautur
520 2687 565 2741 ilii
581 2668 724 2743 domestici
737 2698 888 2742 cantorum.
897 2687 959 2752 ΕΗ.
968 2688 1001 2743 P.

206 2800 258 2856 illo
271 2808 393 2871 tempore
409 2806 528 2858 caruerit
543 2822 646 2870 uxore,
676 2812 751 2859 recta
771 2823 917 2859 conscenso
935 2804 1055 2870 throno,
1073 2805 1173 2858 iterum
1186 2802 1278 2857 redet:

206 2873 232 2925 εἰ
253 2871 354 2936 habet,
377 2877 489 2927 omniuo
511 2884 540 2928 et
560 2876 634 2928 iliam
654 2892 753 2928 corona
776 2876 901 2946 insigniri
925 2891 1034 2928 necesse
1052 2884 1100 2927 est.
1142 2874 1280 2927 Ethrono

206 2944 301 3013 itaque
324 2953 476 3014 surgentem
503 2945 558 2998 ‹luo
581 2947 849 3016 epropiuquieaimir
865 2944 957 2997 dextra
974 2946 1104 3015 laevaque
1120 2960 1178 2995 eam
1195 2960 1280 3013 pren-

205 3020 312 3075 tantes,
331 3022 398 3077 aut,
412 3015 436 3067 ri
451 3016 494 3067 illi
510 3013 616 3081 desint,
639 3015 757 3068 eunuchi
775 3015 810 3068 de
824 3013 970 3069 anabathra
995 3012 1148 3076 deducunt,
1172 3021 1200 3065 et
1215 3019 1279 3065 ante

206 3083 309 3136 tolcam
327 3085 506 3143 constituunt.
542 3086 613 3137 Tum
633 3085 774 3140 deseendit
788 3085 822 3137 de
842 3083 958 3137 ambone
975 3086 1134 3151 imperator,
1158 3090 1186 3134 et
1197 3099 1279 3152 para-

206 3159 262 3204 tum
275 3153 319 3204 iiii
335 3171 461 3206 coronam
474 3155 657 3227 apropinquir
669 3163 716 3208 aut
727 3155 873 3218 eunuchis,
892 3171 951 3206 enm
969 3154 1095 3206 eimiiiter
1112 3151 1278 3216 tenentibus,

207 3224 362 3290 accipient,
380 3224 472 3276 uxoris
487 3225 568 3296 capiti
582 3227 714 3295 imponit:
734 3243 803 3296 quae
817 3226 941 3276 maritum
959 3226 1146 3294 imperatorem
1165 3223 1295 3275 adoraue-

207 3294 247 3344 ita
258 3289 340 3345 ae'illi
353 3295 502 3346 subiectam
515 3295 661 3363 profitetur.
671 3294 822 3348 Patriarcha
832 3311 895 3352 vero
908 3292 942 3345 ad
959 3294 1058 3348 rorem
1071 3294 1219 3345 consistent
1229 3310 1279 3362 pro

207 3362 378 3432 imperatore,
389 3365 559 3433 imperatrice
571 3375 599 3417 et
612 3383 703 3417 eorum
719 3367 828 3434 populis
842 3381 934 3433 preces
948 3365 1113 3434 pronuntiat
1131 3363 1188 3415 Hoc
1197 3365 1280 3432 igitur

206 3434 288 3486 medo
301 3436 448 3503 imperator
463 3437 604 3505 coniugem
617 3452 692 3487 onam
706 3444 824 3488 coronat.
845 3435 874 3487 Si
890 3443 970 3487 auten
982 3451 1080 3486 corona
1095 3436 1152 3503 ipae
1167 3432 1279 3486 indutu·

207 3504 272 3564 suit,
286 3505 359 3557 iuter
368 3521 443 3557 encra
452 3508 605 3575 nuptiarum
618 3505 648 3557 id
662 3506 736 3557 iacit.
754 3505 882 3558 Coronati
897 3506 976 3556 umbo
989 3521 1042 3575 qua
1063 3503 1220 3556 dictumest
1233 3515 1296 3554 ced

206 3575 332 3638 rimonia,
353 3573 444 3630 denuo
459 3575 633 3630 anabathram
650 3575 833 3639 ascendentes,
848 3575 992 3627 inthronia
1006 3572 1132 3626 renident
1150 3575 1221 3625 Dum
1233 3589 1281 3624 re-

206 3643 314 3714 liquum
326 3645 422 3698 mimae
435 3647 583 3699 abtoivitur
593 3655 621 3699 et
630 3647 759 3715 trisagion
773 3654 903 3708 cantatur,
912 3643 959 3697 aiut
971 3644 1005 3697 (le
1013 3644 1166 3713 apostolicis
1181 3641 1282 3694 litteris

207 3716 322 3768 saetisve
335 3717 474 3786 scripturis
486 3716 592 3787 aliquid
609 3719 744 3780 recitatur,
761 3724 788 3769 et
802 3717 855 3786 ipsi
869 3724 1017 3785 assurgunt.
1034 3716 1074 3767 Ex
1089 3721 1204 3785 utraque
1218 3729 1280 3768 τοτα

206 3785 303 3853 templi
314 3794 390 3855 parte
404 3804 484 3855 nuper
498 3787 595 3856 ligneis
603 3786 768 3848 anabathmi,
782 3787 817 3838 ari
830 3786 882 3839 hoc-
899 3789 987 3854 ipaum
997 3786 1165 3853 comparatio,
1179 3790 1281 3835 atantea

206 3857 406 3925 protopsaltae,
431 3860 478 3929 qui
497 3858 638 3911 domenici
655 3865 800 3917 vocantur.
824 3868 852 3910 et
869 3858 954 3909 ceteri
971 3855 1073 3907 ordiuio
1094 3853 1280 3914 ecelesiastici,

206 3925 511 3994 quinamentorum,
534 3946 603 4000 quoa
621 3928 650 3978 in
670 3928 771 3980 talibue
793 3929 873 3979 saeris
892 3928 1047 3979 clamatores
1066 3925 1197 3993 appellari
1215 3940 1274 3973 mor

208 4002 259 4054 Θεέ,
278 3998 382 4050 cantica
408 3998 539 4069 quaedam
557 3997 592 4049 de
611 3998 743 4050 industria
768 3998 805 4049 nti
821 3996 902 4049 huiut
919 3997 976 4048 <liei
1005 3996 1067 4046 sesti
1090 3994 1277 4047 celebritatem

207 4065 330 4117 coniecta
346 4065 526 4121 modulantur.
569 4067 686 4138 Quando
712 4076 803 4119 nutem
821 4068 850 4118 in
868 4084 940 4118 sacra
957 4073 1073 4135 myatngo
1092 4067 1118 4117 ia
1136 4065 1190 4115 iam
1208 4070 1279 4114 teru-

207 4151 258 4206 pw
282 4142 334 4199 αἱ,
358 4145 390 4191 ut
414 4140 573 4193 incurratur
597 4139 749 4210 prooemio,
779 4153 849 4209 qino
871 4136 981 4208 μεγάλη
1013 4084 1126 4226 einaim
1156 4132 1279 4203 appelia-
