3000 4742
261 252 372 390 ,κατ’
681 302 965 369 uaricum

142 467 204 526 dc.
218 470 279 526 1331
293 458 349 522 καί
373 456 582 544 ἀπαραίτητος
605 454 685 542 πρός
716 456 772 536 τὰς
801 452 989 540 ἀντιδόσεις,
1018 458 1124 524 πᾶσαν
1147 454 1376 540 ἐπιδείξασθαι

267 554 449 641 Βσποοδην,
476 550 560 637 ώστε
581 555 636 620 καί
662 551 761 623 αῦτόν
780 560 817 623 έκ
842 561 907 623 τών
928 553 1038 635 αῦτοῖς
1058 557 1271 646 διαφερόντων
1296 560 1375 625 τινὰ

287 656 464 743 κτήσασθαι
483 660 620 745 πολέμῳ.
641 657 694 722 διό
715 659 751 723 δὲ
770 657 806 723 τό
828 656 868 722 τό
889 658 1108 746 στρατεύματα
1129 654 1296 746 ἀμφότερα
1315 665 1377 744 τῆς

194 757 389 841 barbarici:
409 753 543 838 ἔχεσθαι
562 755 743 842 θρησκείας·
772 749 873 834 ἄλλως
891 762 927 822 9³
947 754 995 822 ότι
1014 756 1069 821 καί
1086 753 1107 842 ἦ
1125 758 1231 844 εἰρήνη
1251 757 1377 835 παντός

287 860 424 937 πολέμου
453 849 535 920 εἶναι
556 857 645 920 δοκεῖ
661 855 870 944 αἱρετωτέρα,
891 859 1013 940 μᾶλλον
1033 854 1129 943 atrio
1146 854 1321 944 αἱρεῖσθαι,
1341 859 1396 926 εὖ

287 953 328 1020 ui
351 958 448 1019 οἰκεῖα
466 953 564 1037 μόνον
584 955 791 1040 ἀπολήψεται.
828 957 1033 1042 Ἀλέξανδρος
1053 957 1088 1021 δὲ
1105 956 1282 1045 ἰσχυρίζετο
1298 951 1375 1022 ἀδι-

289 1064 354 1120 κεῖν
374 1053 449 1120 οῦδὲ
469 1053 574 1132 αάτός·
591 1054 764 1138 Ἀγχίαλόν
782 1080 817 1121 τε
835 1054 897 1143 γὰρ
919 1054 975 1121 καί
991 1052 1030 1121 τό
1051 1048 1130 1120 ἀλλα
1147 1054 1376 1139 πολίσματα,ἀ

288 1148 330 1240 ἦν
360 1148 577 1243 ἀφῃρημένος,
605 1155 644 1219 οό
658 1155 827 1238 Ῥωμαίοις
854 1155 1031 1242 προσήκειν
1047 1157 1168 1237 μᾶλλον
1187 1147 1210 1239 ἢ
1229 1158 1377 1232 Μυσοῖς.

289 1261 357 1331 τοῖς
375 1252 436 1341 γάρ
458 1251 518 1338 πρὸ
537 1254 637 1319 αάτοῦ
656 1253 912 1338 βεβασιλευκόσιν
938 1258 972 1334 ἐξ
1013 1252 1124 1321 ἱκανοῦ
1142 1250 1223 1321 εἶναι
1241 1250 1378 1341 ῦποχείη
1469 1258 1470 1267 ²

289 1376 345 1439 ρια
364 1354 420 1416 τοῦ
437 1350 567 1439 χρόνου.
616 1352 665 1418 διὸ
685 1357 878 1437 καὶμᾶλλον
904 1358 1037 1439 βασιλέα
1068 1354 1188 1419 ἀδικεῖν
1214 1352 1295 1440 πρός
1324 1346 1415 1430 oscen

193 1462 202 1484 '
263 1450 457 1538 οάφῄρηται
476 1446 672 1518 ἀπαιτοῦντα
693 1454 750 1518 καί
773 1447 952 1539 Ἆγχάιλον.
971 1456 1126 1538 βασιλέως
1146 1456 1181 1519 δὲ
1201 1448 1375 1541 ἀποκρινα-

288 1551 387 1632 μένου
407 1547 452 1636 μὴ
474 1552 540 1616 δεῖν
561 1549 619 1637 τήν
638 1551 765 1618 ἀδικίαν
785 1555 819 1619 έν
848 1551 1060 1636 δικαιώματος
1086 1557 1246 1619 ποιεῖσθαι
1270 1551 1376 1642 λόγῳ,

289 1650 370 1734 μηδὲ
390 1643 437 1714 ότι
456 1650 511 1715 im*
525 1648 641 1738 χρόνον
662 1652 894 1740 ἀπεστέρησαν,
922 1650 1048 1719 οἴεσθαι
1067 1652 1121 1717 διό
1141 1655 1232 1718 τοῦτο
1252 1654 1378 1717 δίκαιον

289 1742 371 1813 εἶναι
391 1746 447 1815 καί
471 1750 620 1836 διηνεκῶς
648 1749 844 1840 ἀποστερεῖν.
883 1750 938 1831 τάς
957 1748 1017 1837 γάρ
1039 1750 1187 1830 τοιαῦτας
1206 1747 1315 1828 πόλεις
1335 1744 1377 1815 οῦ

290 1843 387 1931 μόνον
414 1841 538 1916 ἀνωθεν
563 1853 598 1917 ἐκ
628 1855 768 1916 παλαιοῦ
789 1850 946 1937 ὑπηκόους
970 1847 1137 1934 Ῥωμαώις
1157 1844 1254 1934 εἶναι,
1288 1847 1416 1926 attins

212 1974 216 1981 ’
291 1943 348 2011 καί
365 1941 472 2013 αότιῦν
491 1945 547 2026 τάς
566 1953 693 2028 πλείους
712 1938 770 2015 ὑπ’
789 1951 896 2017 αῦτιῦν
910 1975 946 2015 τε
961 1953 1104 2015 ε’κτότθαι
1117 1953 1173 2016 καί
1183 1948 1379 2039 κατῳκισθαι

290 2044 437 2122 ἀποικίαις
456 2046 685 2136 πεπομφότιαν·
705 2042 792 2115 uino
814 2052 849 2115 δὲ
867 2051 947 2133 χθές
964 2047 1019 2115 καί
1038 2050 1145 2136 πρώην
1159 2051 1218 2137 ἀφ’
1238 2045 1379 2123 ὲαυτοῦς

293 2148 486 2231 πεποιῆσθαι
497 2146 637 2227 Μυσοῦς
657 2151 692 2215 έκ
709 2150 1042 2237 τώνΣφεντισθλόβοο
1054 2153 1111 2215 τοῦ
1126 2151 1281 2232 βασιλέως
1295 2144 1379 2233 χρό-

293 2266 377 2326 νων,
398 2242 433 2321 ῦς
452 2236 491 2332 ἦν
511 2246 568 2331 τὴν
587 2243 689 2316 αότσῦ
709 2244 850 2336 ἀδελφὴν
869 2245 1067 2334 γεγαμηκώς,
1094 2250 1152 2313 τοῦ
1172 2244 1252 2334 πρός
1271 2250 1381 2312 Κατε·

294 2339 410 2421 λα’νους
434 2347 490 2411 καί
514 2350 647 2433 Πέρσας
676 2357 741 2424 τοϊς
756 2349 927 2430 Ῥωμαίοις
945 2348 1083 2430 πολέμου
1103 2347 1322 2431 κεκινημένου·
1343 2340 1418 2422 ῦςια

294 2447 426 2508 πλεῖστα
447 2442 486 2530 (λη’
507 2443 645 2511 έκώκωσε
664 2444 705 2511 coi
725 2445 901 2534 πράγματα
923 2442 1040 2528 αόταῖς,
1061 2446 1104 2510 δι’
1120 2444 1158 2511 δν
1178 2440 1253 2509 οῦδὲ
1272 2447 1381 2509 ταῦτα

295 2536 519 2607 ἀνασώσεσθαι
538 2542 755 2630 ἦδυνὴθησαν
774 2548 807 2625 ἐξ
827 2547 942 2611 αάτών.
984 2546 1061 2611 νυνί
1073 2568 1107 2610 τε
1127 2541 1225 2608 αάτῦν
1256 2542 1381 2607 ἀδικεῖν

261 2652 286 2704 Ι)
299 2640 404 2724 οῦδὲν,
429 2638 510 2707 ἀλλά
530 2642 571 2708 τό
592 2668 626 2708 τε
650 2635 725 2710 ῦντα
745 2642 830 2729 ἔχειν
850 2644 905 2711 καί
921 2642 960 2711 ut
981 2644 1163 2710 ἐλλείποντα
1182 2636 1338 2722 ἀπαιτεῖν,
1359 2635 1384 2704 ἀ

366 2797 409 2833 no.
425 2777 563 2851 πολέμου.
599 2778 656 2833 Sub
673 2780 828 2834 Andronico
847 2781 964 2842 seniore,
983 2779 1089 2850 dequo
1106 2778 1180 2831 bello
1198 2776 1333 2847 Gregorns
1350 2776 1383 2830 in

364 2866 391 2920 7.
404 2848 468 2902 Obit
488 2857 578 2903 autom
588 2850 818 2922 Spbentiatlabuo,
843 2853 891 2924 qui
904 2848 1171 2923 Sphendosthlabus,
1190 2848 1284 2900 eodem
1294 2864 1384 2909 anno,

342 2989 346 2998 Ι
365 2936 426 2993 quo
434 2921 464 2972 in
483 2922 618 2974 iuniorem
635 2922 819 2977 Andronicum
827 2921 970 2975 anathema
988 2922 1193 2990 pronuntiatum
1209 2926 1257 2971 ert
1269 2920 1334 2973 ΕΙ).
1349 2919 1382 2971 Ρ.

295 3042 353 3079 cern
371 3023 482 3078 foedere
502 3025 677 3078 firmaturum.
712 3027 797 3098 Atqui
816 3026 978 3096 oportuisse,
996 3024 1019 3077 sl
1036 3026 1067 3078 in
1083 3024 1165 3077 reboo
1184 3024 1239 3077 ruia
1253 3023 1384 3091 pertim

296 3104 326 3149 et
343 3094 523 3167 implacabilis
541 3104 621 3160 earet,
638 3114 734 3151 nervos
753 3114 846 3150 omues
864 3095 897 3149 ad
915 3113 964 3166 par
983 3097 1044 3165 pari
1062 3094 1233 3148 referendum
1249 3092 1386 3146 intende·

296 3183 342 3229 re,
359 3175 387 3219 ot
404 3167 485 3218 armis
503 3166 558 3219 ribi
567 3168 686 3220 vicissim
708 3167 840 3238 quaedam
858 3166 892 3220 de
913 3168 1022 3219 illorum
1036 3166 1117 3218 rebus
1133 3164 1279 3218 vindicare.
1297 3163 1386 3234 Quo-

296 3237 372 3288 niam
398 3254 462 3290 vero
493 3237 603 3308 utrique
630 3238 751 3291 eamdem
775 3238 915 3308 religionis
940 3238 1112 3289 sanctitatem
1140 3237 1248 3298 colant,
1271 3242 1298 3286 et
1328 3251 1386 3304 pax

296 3304 415 3358 cuilibet
434 3304 509 3358 bello
527 3308 742 3378 praeponderet,
766 3309 850 3376 ipram
869 3326 897 3361 ae
915 3307 989 3360 bello
1009 3306 1075 3360 huic
1094 3315 1272 3375 anteponere:
1297 3304 1387 3357 modo

294 3393 346 3429 sua
364 3376 417 3428 ribi
436 3380 622 3434 reatituantur,
660 3380 696 3432 At
714 3379 883 3443 Alexander,
904 3395 956 3431 nec
974 3394 1003 3430 se
1020 3378 1122 3431 iniuste
1139 3394 1235 3447 agerer
1259 3374 1387 3430 Anchia-

295 3446 354 3498 lum
386 3449 459 3499 enlm
487 3456 631 3519 ceteraque
648 3468 665 3504 o
685 3448 796 3519 plenta,
833 3465 883 3502 uae
901 3448 1029 3518 adempta
1047 3447 1101 3499 ribi
1121 3454 1298 3519 quereretur,
1325 3462 1389 3499 non

294 3518 422 3570 Romanis
470 3520 542 3572 otius
562 3537 644 3591 quam
692 3522 763 3573 ocsis
788 3519 822 3572 de
844 3520 898 3572 eri:
925 3537 988 3572 nam
1018 3517 1127 3588 regibus
1156 3516 1389 3571 antecedentibus

294 3586 394 3659 perdiu
413 3536 525 3643 subdita
543 3590 635 3643 iniere.
671 3590 775 3643 idcirco
791 3593 981 3660 imperatorem
1000 3606 1058 3642 erre
1072 3589 1217 3652 iniurium,
1235 3588 1284 3659 qui
1300 3604 1389 3657 prae-

295 3668 339 3711 ter
356 3677 389 3712 ea
406 3677 477 3731 quae
495 3660 658 3723 abstulerit,
683 3663 766 3715 etiam
784 3661 945 3714 Anchialum
963 3660 1092 3729 postulet.
1128 3661 1200 3712 Tum
1217 3660 1389 3727 imperator,

295 3730 450 3784 iniustitiae
468 3749 524 3784 non
544 3730 740 3800 imponendum
759 3749 859 3784 nomeu
878 3732 1011 3784 iustitiae:
1032 3747 1123 3801 neque
1140 3731 1206 3800 quia
1224 3728 1259 3782 ad
1276 3736 1390 3796 tempus

296 3799 365 3853 alios
383 3801 580 3872 spoliaverint,
605 3801 668 3854 ideo
687 3801 896 3854 existimandum
915 3801 998 3854 licere
1016 3809 1148 3872 perpetuo
1166 3800 1290 3870 spoliare.
1328 3798 1391 3850 nu

296 3869 378 3924 urbes
400 3890 456 3925 non
475 3873 562 3929 colum
581 3889 614 3923 ex
632 3872 747 3945 antiquo
768 3880 890 3943 tempore
908 3873 1089 3924 Rornanorum
1106 3872 1213 3924 ditione
1232 3867 1390 3935 contineri3

297 3939 346 3992 sed
365 3944 445 3995 etiarn
466 3945 618 4013 complures
638 3960 731 3997 earum
748 3944 783 3996 ab
803 3944 870 4013 ipair
888 3960 946 3996 ease
965 3943 1107 4005 conditae,
1133 3941 1318 4013 deductaque
1336 3957 1389 3991 eo-

296 4011 394 4066 lonias.
431 4014 540 4066 Moesos
557 4014 603 4065 vix
620 4012 681 4067 beri
699 4024 727 4068 et
753 4013 853 4067 nudiuo
877 4014 974 4067 tertiae
1000 4029 1044 4065 ear
1068 4011 1119 4065 sub
1144 4014 1288 4083 imperium
1304 4026 1390 4063 suum

298 4082 452 4152 redegisse,
470 4100 486 4134 a
506 4102 589 4154 regno
608 4084 827 4158 Spbentistblabi
845 4086 945 4138 rororis
965 4100 1029 4137 auae
1046 4084 1138 4136 mariti
1155 4082 1301 4143 videlicet,
1318 4079 1391 4133 dnm

296 4154 425 4208 Romanis
443 4171 504 4206 cum
524 4155 624 4219 Persio,
654 4163 683 4208 et
701 4157 841 4209 Catalanis
861 4155 965 4207 bellum
984 4163 1069 4218 earet,
1098 4154 1147 4225 qui
1173 4170 1221 4205 rex
1249 4150 1388 4205 Romanor

297 4222 473 4278 vehementer
490 4223 629 4279 afflixerit:
654 4235 762 4298 propter
780 4244 861 4299 quem
880 4224 949 4279 baec
969 4226 1036 4295 ipris
1060 4233 1119 4277 tum
1143 4232 1305 4295 extorquere
1326 4237 1386 4275 non
