3000 4742
263 231 342 348 178
539 228 543 252 '
655 254 958 338 namneum

17 371 21 468 i
109 423 175 479 hc.
190 413 303 499 ιλυτμή
317 409 397 498 πρδς
413 408 549 496 Μιχαὴλ
567 410 622 476 τὸν
640 412 766 476 Μυσῶν
780 409 914 493 βασιλέα
931 399 1181 492 διαγωνίσασθαι
1194 399 1250 467 καί
1263 397 1339 478 roric

17 541 18 556 ι
230 509 452 602 βσυμμάχους.
471 506 566 586 αάτδς
585 511 620 574 δὲ
637 509 776 594 Μιχαήλ
795 506 852 585 τάς
870 511 930 590 μὲν
950 503 1213 591 πολιορκουμένας
1234 498 1340 572 πόλεις

252 600 467 695 παρεστήσατο
487 605 636 696 ὁμολογίᾳ
656 605 714 692 τήν
735 610 771 673 ἐκ
796 606 951 689 βασιλέως
975 600 1138 686 Ῥωμαίων
1166 593 1339 683 ἀπηγορευ-

248 707 338 783 κυίοις
364 709 555 792 ἐπικουρίαν·
592 704 670 791 πρὸς
697 706 732 772 δὲ
765 695 823 791 τήν
849 700 1098 774 Φιλιπποδπολιν
1122 695 1272 786 στρατιάν
1305 719 1339 762 τε
1393 755 1397 761 .
1484 743 1485 764 ι

170 802 457 888 ’ί-89ἀκμάζουσαν
473 799 584 889 ἑτέραν
601 799 681 870 aiore
701 813 853 892 φρουρεῖν
879 798 981 887 αιλτήν
995 801 1153 865 ἀπέστειλε
1168 795 1223 862 καί
1244 797 1359 880 πρυ-5

246 904 351 991 τηγόν·
364 900 419 967 τὸν
430 904 465 966 δὲ
481 900 611 989 'Itium
628 905 683 969 καί
698 900 771 982 τούς
782 901 1045 988 πολιορκηθέντας
1062 896 1253 985 στρατιώτας
1270 890 1339 979 ἅμα

247 1015 312 1080 τοῖς
324 1005 489 1090 σφετέροις
505 1014 689 1089 στρατηγοῖς
702 1007 900 1083 μετεκαλεῖτο
919 999 962 1077 ὥς
978 992 1189 1082 ἀμειφδμενος
1201 998 1265 1060 τάν
1281 997 1340 1060 πό-

249 1128 312 1172 νων
332 1106 421 1168 ἕνεκα
441 1103 497 1166 καί
516 1103 572 1185 τῆς
592 1097 742 1188 ἀνδρίας,
782 1096 822 1184 ήν
849 1102 884 1165 ἐν
904 1101 946 1189 τῷ
966 1100 1200 1185 πολιορκεῖσθαι
1219 1096 1340 1161 ἐπεδεί-

251 1209 353 1283 ξαντο.
373 1197 390 1264 ὃ
410 1203 445 1265 δὲ
464 1201 519 1286 τῆς
539 1200 738 1288 πεμφθείσης
757 1200 908 1287 στρατιᾶς
928 1195 1100 1284 στρατηγὸς
1120 1191 1227 1278 έπειδή
1248 1191 1340 1280 ἒγγῦς

253 1295 533 1375 Φιλιππσυπόλεως
550 1294 600 1385 ήν,
620 1302 750 1384 πέμψας
769 1296 846 1385 πρὸς
862 1295 1010 1382 Ἰβάνην,
1029 1294 1086 1380 τήν
1104 1319 1138 1360 τε
1155 1288 1263 1382 ἄφιξιν
1278 1296 1378 1358 ord-1⁰
1483 1329 1485 1338 ‹

226 1403 319 1482 Dacia
341 1399 396 1464 καί
414 1399 465 1485 ἐφ’
487 1391 552 1480 in
564 1394 667 1483 ήκοιεν
687 1396 811 1483 ἐδήλου.
833 1396 962 1481 Ἰβάνης
982 1398 1017 1461 δὲ
1038 1391 1105 1477 ἅμα
1126 1402 1191 1469 τοῖς
1211 1392 1265 1457 ἀπ’
1279 1388 1340 1457 αὖ·

256 1498 312 1565 τὸν
333 1491 468 1585 ἄρχουσι
486 1499 541 1583 τής
562 1498 722 1584 στρατιᾶς,
742 1496 798 1561 καί
816 1495 892 1574 τούς
912 1492 1073 1583 φρουροδς
1094 1489 1163 1559 ὅσοι
1181 1487 1261 1579 η’σαν
1276 1519 1339 1557 πα-

251 1596 409 1685 ραλαβών,
430 1596 474 1673 εἷς
494 1596 666 1682 ὑπάντησιν
687 1598 800 1682 ἐξῆλθε
819 1598 881 1660 τῶν
901 1596 1089 1681 ἐρχομένων,
1111 1597 1166 1659 καί
1185 1596 1338 1658 διενυκτέ-

250 1719 362 1784 ρευσεν
381 1692 442 1773 ἔξω
462 1701 532 1778 μετ’
555 1696 658 1762 αὐτῶν
674 1695 723 1771 -ὦς
747 1696 781 1770 ές
799 1693 856 1779 τήν
876 1692 1046 1781 ἀστεραίαν
1077 1689 1185 1770 αιἰτσῖς
1204 1687 1260 1778 τήν
1280 1689 1338 1755 πό-

250 1801 301 1860 λιν
321 1795 530 1880 παραδώσιον.
550 1792 613 1858 ἀπὸ
635 1796 669 1857 δὲ
690 1792 747 1879 τήν
768 1787 868 1878 αὗτήν
887 1791 982 1857 νύκτα
1002 1793 1058 1856 καὶ
1076 1790 1093 1858 ὃ
1108 1793 1276 1878 Βρυέννιος
1292 1791 1378 1865 cirri
1484 1803 1485 1810 ’

251 1890 502 1960 Φιλιπποιλπολιν
522 1891 706 1979 ἐνήδρευσεν
727 1891 840 1975 ἐλθών,
862 1892 905 1969 ὥς
927 1887 994 1973 ἅμα
1014 1895 1055 1978 ἕῳ
1073 1888 1115 1955 τὰ
1142 1893 1198 1974 τῆς
1220 1887 1338 1964 πόλεως

250 1991 436 2077 βοσκήματα
461 1992 660 2078 διαρπάσων.
706 1991 883 2074 πυθόμενος
909 1993 955 2072 δὲ,
975 1986 1057 2082 ὦςδ
1090 1987 1217 2074 Ἰβάνης
1239 1987 1295 2053 καί
1316 1974 1336 2074 ή

254 2092 440 2175 φρουροῦσα
457 2088 592 2176 στρατιὰ
611 2087 679 2174 ἅμα
697 2101 761 2166 ταῖς
778 2092 941 2178 σφετέροις
966 2098 1151 2175 στρατηγοῖς
1164 2089 1213 2164 ἐἰς
1238 2087 1338 2153 indv-

253 2211 344 2273 τησιν
358 2190 486 2277 ἐξῄεσαν
502 2193 565 2257 τῶν
581 2188 820 2274 διαδεξαμένων,
841 2184 982 2272 ἀναστὰς
997 2183 1094 2275 ἢλθεν
1108 2184 1200 2271 ε’γγῦς
1213 2189 1336 2269 τειχυῖν.

250 2283 283 2350 οἱ
299 2288 334 2351 δέ
349 2290 563 2365 κατοικοῦντες
577 2288 636 2375 τήν
649 2288 741 2354 πόλιν
753 2286 933 2371 νομίσαντες
951 2285 1062 2374 καιρὸν
1081 2282 1162 2354 εἶναι
1180 2289 1243 2351 τῶν
1259 2290 1377 2351 Mas-ao

253 2385 319 2449 σῶν
337 2378 470 2462 ἓαυτοδς
489 2388 691 2472 ἐλευθεροῦν,
724 2382 904 2464 ἀνοίξαντες
917 2383 975 2462 τοὶς
992 2385 1110 2467 πέλας,
1135 2382 1191 2450 τὸν
1211 2387 1335 2469 Βρυέν-

253 2506 319 2547 νιον
333 2478 400 2565 ἅμα
411 2488 448 2573 τῇ
460 2481 631 2568 Ῥωμαιων
646 2487 838 2563 εἰσεδέξαντο
860 2488 1001 2575 στρατιᾷ.
1020 2488 1076 2550 ’καί
1089 2481 1262 2567 ὃβασιλεὺς
1280 2480 1334 2547 διὰ

254 2584 309 2666 τῆς
325 2581 454 2669 χρονίου
473 2585 654 2672 πολιορκίας
672 2583 727 2649 καί
738 2587 801 2650 τῶν
817 2589 939 2651 πολλῶν
955 2588 1010 2650 καί
1024 2587 1165 2666 συνεχῶν
1180 2581 1240 2647 οὐκ
1257 2581 1335 2666 ήδυ-

255 2679 336 2767 νήθη
350 2683 613 2769 καταπράξασθαι
631 2687 853 2768 τειχομαχιῶν,
870 2684 1157 2769 τοῦτοΒρυέννιος,
1169 2680 1245 2747 θεοῦ
1259 2705 1335 2745 συν-

158 2784 433 2868 Ρ.111αιρομένου,
454 2781 663 2870 κατώρθωσεν
681 2777 821 2868 ἀπόνως,
842 2781 899 2849 καί
915 2782 972 2869 τήν
990 2782 1240 2848 Φιλιπποιλπολιν
1260 2773 1373 2849 das-25

257 2977 312 3030 quo
331 2963 420 3013 minus
438 2976 498 3011 cunr
515 2956 650 3010 ldichaele
668 2964 697 3010 et
720 2957 900 3012 auxiliaribus
927 2959 986 3010 eius
1013 2957 1229 3028 congrederetur.
1270 2957 1332 3026 lpse

255 3040 346 3083 autern
365 3029 484 3082 Michael
502 3046 568 3112 quas
592 3028 737 3081 obsidebat
764 3029 860 3091 nrbes',
884 3027 1209 3090 subsidiaRRomanorurn
1234 3023 1333 3096 despa-

257 3109 365 3162 rantes,
383 3100 417 3170 ad
433 3099 602 3151 declitsonem
620 3098 766 3169 adigebat,
785 3107 813 3150 et
831 3097 1035 3171 Philippopolin
1053 3098 1218 3167 praesidium
1236 3114 1331 3151 recens

256 3187 317 3221 cum
338 3186 407 3221 novo
427 3168 496 3220 duce
513 3169 707 3232 transmittens,
726 3168 837 3221 lbanem
855 3177 1013 3240 ceterosque
1031 3168 1112 3221 duces
1131 3187 1161 3220 ac
1177 3168 1279 3220 milites
1298 3168 1335 3220 ad

255 3241 377 3309 praemia
394 3256 444 3309 pro
461 3237 601 3291 laboribus
620 3240 649 3291 in
667 3238 811 3293 obsidione
828 3240 948 3291 toleratis
968 3246 996 3289 et
1013 3238 1112 3292 virtute
1132 3243 1265 3290 ostentata
1289 3255 1334 3290 re-

257 3308 377 3360 vocabat
413 3309 476 3359 Dux
501 3311 564 3360 novi
582 3309 711 3380 praesidii
740 3312 795 3361 ium
821 3309 882 3362 urbi
909 3309 1014 3362 vicinus
1044 3308 1080 3361 ad
1113 3307 1225 3360 lbanem
1252 3325 1335 3378 super

256 3378 374 3430 adventu
401 3395 450 3430 suo
476 3379 578 3442 mittit,
608 3388 636 3431 et
662 3398 709 3431 cur
731 3381 824 3431 veniat
848 3380 980 3448 adiungit,
1021 3377 1120 3431 ibanes
1137 3396 1198 3431 curn
1217 3378 1332 3431 ducibus

257 3448 310 3501 sibi
328 3447 562 3501 subservientibus
578 3448 769 3520 militibusque
787 3450 919 3500 universis
935 3448 1108 3501 venientibus
1127 3449 1234 3501 obviam
1259 3449 1331 3503 foras

256 3518 351 3589 prodit
377 3527 405 3570 et
423 3534 477 3570 uno
494 3528 645 3588 pernoctat,
663 3518 797 3589 postridie
816 3520 910 3572 urbem
928 3520 984 3571 illis
1001 3519 1160 3572 traditurus.
1194 3519 1251 3571 Sub
1266 3535 1334 3571 ean·

257 3588 329 3645 dem,
337 3597 444 3643 noctem
464 3589 546 3641 etiam
562 3591 711 3655 Bryennios
730 3588 935 3659 Philippopolin
953 3589 1075 3652 veniens,
1094 3590 1123 3641 in
1141 3589 1248 3642 insidiis
1266 3589 1333 3641 sub·

259 3659 345 3723 sedit,
372 3659 418 3712 die
443 3660 572 3710 nimirum
600 3659 775 3710 illucescente
795 3659 921 3729 praedam
947 3659 1052 3729 peco'rls
1070 3660 1222 3712 abacturus.
1258 3660 1283 3711 ls
1300 3667 1334 3711 ut

258 3728 369 3781 lbanem
388 3745 449 3783 cum
467 3727 581 3780 ducibus
603 3738 631 3782 et
646 3728 782 3798 praesidio
801 3728 836 3780 ud
853 3746 1016 3782 successores
1037 3728 1212 3799 excipiendos
1229 3729 1332 3799 oppido

258 3815 394 3869 egressura
412 3798 560 3861 inaudivit,
579 3799 613 3850 ad
632 3799 739 3851 nroenia
759 3799 870 3853 accedit.
899 3800 1003 3852 Urbani
1021 3808 1127 3868 tempos
1142 3801 1249 3853 venisse
1270 3803 1334 3865 rati,

258 3887 314 3939 quo
332 3870 486 3922 Moesorum
507 3869 535 3920 la
555 3883 598 3919 orn
617 3877 792 3933 excuterent,
818 3873 904 3942 portis
921 3872 1042 3932 reclusis,
1059 3872 1138 3923 illum
1155 3888 1215 3923 curn
1233 3873 1333 3923 llonra·

257 3940 302 3990 nis
319 3938 502 3992 introducunt
537 3887 584 3990 §ic
603 3939 676 4011 quod
695 3940 842 4010 imperator
866 3942 993 3994 diuturna
1015 3939 1160 3995 obsidione
1184 3941 1333 4014 multisque

259 4015 288 4060 et
300 4008 414 4061 assiduis
434 4027 450 4061 o
470 4010 681 4080 pugnationibus
703 4027 760 4063 non
778 4011 886 4082 potuit,
915 4012 944 4064 id
962 4013 1127 4077 Bryennius,
1152 4012 1210 4063 Deo
1238 4013 1333 4081 opituss

257 4078 349 4142 lanta,
363 4082 439 4132 eitra
450 4027 579 4132 iaborenr
603 4088 767 4136 transactum
788 4080 911 4134 reddidit
928 4099 958 4133 ae
979 4079 1183 4151 Philippopolin
1206 4081 1333 4133 Romanis

259 4150 387 4204 restituit.
423 4151 519 4204 lbanes
537 4150 659 4218 diluculo
680 4151 777 4207 urbem
799 4155 904 4224 captim
928 4165 1109 4222 cognoscens,
1136 4168 1199 4209 cum
1220 4151 1332 4223 relirpris
