3000 4742
494 228 775 295 ursroumuuu
802 234 840 294 ιι.
860 240 891 301 ι.
1157 207 1238 321 317

163 380 217 447 sir
234 384 332 463 μεγαν
357 380 541 460 δομῖστινσν
563 379 687 465 ἔπεμψε
702 382 783 467 πρὸς
808 380 859 447 τὸν
880 383 1076 472 πατριάρχην
1098 387 1303 467 doulzies-tc.
1317 400 1383 460 stus

161 503 254 561 μενον
268 481 326 560 μὲν
341 478 428 564 adrui
443 476 498 543 κατ’
515 478 559 558 ὥς
575 483 610 556 ἐξ
626 480 727 545 αδτοῦ
750 481 828 565 ὑπὲρ
858 481 1012 567 τήςπράς
1031 507 1106 560 τους
1130 484 1263 569 άρχιε-ιη

162 581 237 664 ρέας
263 578 445 660 διαλλαγῆς,
473 581 529 643 καί
551 573 609 665 άφ’
632 574 750 644 ἑαυτοῦ
775 580 811 644 δὲ
831 584 907 644 καθ’
924 573 1000 645 ὅσον
1022 573 1061 645 άν
1081 575 1147 646 οἷόν
1170 577 1239 671 τεῇ

161 670 422 757 ἐπιμελησόμενον
445 677 500 759 τῆς
525 673 666 761 εἰρήνης.
697 674 732 752 ῦς
754 673 835 762 πρὸς
855 676 1052 763 πατριάρχην
1069 677 1172 744 ἕλθάν
1186 680 1241 747 καί

138 769 259 852 5πολλά
277 773 426 863 πολλάκις
443 770 521 858 ῦπὲρ
542 777 604 839 νῦν
624 775 799 861 άρχιερέων
819 773 957 861 δεηθεὶς,
990 775 1061 862 ἐπεὶ
1081 767 1157 860 ήνυε
1175 804 1239 864 μη-

158 872 227 951 δὲν,
259 864 327 936 ἀλλ’
351 872 574 958 ἀπαραιτήτως
604 868 621 936 ά
642 872 844 960 ,πατριάρχης
870 870 972 959 εἴχετο
996 878 1052 960 τής
1076 868 1167 961 άργής
1186 874 1241 940 κατ’

158 968 229 1033 οὐδ’
246 962 286 1034 άν
299 966 332 1033 εἴ
345 990 378 1034 ιι
396 972 514 1054 γένοιτο
538 970 721 1057 συγγνώμην
735 970 820 1055 ἔλεγε
840 983 1031 1058 παρασχεῖν,
1053 975 1083 1038 εἰ
1094 973 1138 1059 μή
1152 976 1239 1061 δίκην

158 1070 242 1133 δοῖεν
261 1069 409 1156 πρότερον
428 1074 492 1134 νῦν
509 1072 758 1157 τετολμημένων·
781 1073 835 1136 καῖ
852 1073 926 1137 οῦδὲ
946 1074 1065 1139 ἀδικεῖν
1085 1070 1187 1157 ἔλεγεν
1203 1075 1235 1139 εἰ

154 1164 216 1241 Ιἐπὶ
242 1168 331 1252 δίκην
348 1176 559 1254 προκαλεῖται·
587 1170 754 1252 ὑπολαβὼν
774 1169 791 1236 ὅ
813 1174 911 1253 μέγας
940 1174 1127 1253 δομὲστικος,
1146 1165 1331 1253 „dliv-1⁵⁸

10 1346 13 1363 ‚
122 1263 221 1333 ιοοῦκ
241 1258 283 1329 άν
301 1263 348 1350 εἴη
363 1267 461 1332 σοι’τε
479 1268 682 1347 κάκεῖνοιςδξ
701 1266 772 1333 ἴσου
794 1268 835 1334 τά
854 1271 908 1354 τής
928 1271 1032 1354 δι’κης”
1052 1267 1114 1356 ἔφη
1135 1270 1187 1352 ,εἰ
1198 1265 1238 1338 οῦ
1370 1268 1375 1277 ’

157 1363 220 1443 μὲν
241 1366 358 1451 καθεδή
387 1363 522 1445 δικάζων
548 1390 581 1432 τε
610 1360 677 1449 ἅμα
697 1365 754 1431 καί
778 1369 925 1451 ἐγκαλῶν,
946 1368 1042 1432 odrae*
1060 1370 1095 1432 δὲ
1115 1371 1158 1457 τῷ
1178 1366 1266 1436 asi-c
1358 1404 1361 1409 ·

156 1461 203 1546 τηῖ
235 1461 379 1550 διαιτητῇ
405 1488 440 1529 τε
460 1459 528 1546 άμα
549 1465 772 1550 ἀναγκάζοιντο
792 1467 938 1553 χρῆσθαι
955 1467 1009 1529 καὶ
1031 1466 1198 1555 κατηγόρῳ.
1212 1467 1243 1529 εἰ

152 1560 191 1623 ,δὲ
210 1555 255 1644 μή
273 1558 482 1647 παρόψεσθαι
501 1561 535 1628 τά
559 1566 682 1630 δίκαιον
706 1564 823 1647 αῦτιῦν,
842 1564 923 1649 μήτε
942 1562 1009 1648 μήν
1030 1562 1106 1652 ὀργή
1123 1568 1241 1645 μᾶλλον

153 1651 273 1743 ἢαῦτῇ
287 1661 327 1744 τῇ
342 1661 471 1741 δυνάμει
483 1664 540 1725 τοῦ
550 1663 673 1726 δικαίου
686 1661 726 1729 τά
746 1665 916 1749 πράγματα
934 1663 1073 1726 δικάσειν
1093 1662 1242 1745 ἐπαγγέλ-

119 1763 208 1844 siin,
231 1756 465 1842 ἀπαντήσουσιν
484 1761 539 1825 ἐπὶ
556 1758 592 1824 τά
608 1761 809 1847 δικαστήριον
824 1761 926 1852 ήμέρρ
942 1763 1067 1848 τακτῇ.”
1094 1758 1111 1823 ά
1128 1783 1242 1843 πατρι-

8 1851 18 1875 *⁴
156 1856 259 1942 άρχης
274 1857 310 1920 δὲ
322 1854 380 1938 ,τά
398 1860 459 1936 μὲν
477 1860 552 1941 ἐμοὶ
565 1855 623 1942 τήν
640 1860 728 1944 δίκην
745 1856 914 1946 προσήκειν
934 1861 997 1924 νῦν
1015 1857 1164 1925 τοιούτων
1185 1855 1240 1923 καὶ

156 1967 222 2033 τοῖς
236 1963 354 2033 λοιποῖς
368 1958 518 2043 ἀδελφοῖς
530 1966 594 2034 τοῖς
608 1958 648 2043 άρ
649 1962 818 2044 χιερεῦσιν,
828 1953 886 2024 οῦκ
896 1952 935 2023 άν
944 1959 1003 2023 οῦδ
1005 1963 1013 1987 ’
1026 1954 1143 2032 αὐτός’
1156 1950 1240 2023 εἶπεν

154 2051 357 2142 ,ηάρνηθεάης
375 2050 421 2120 ὅτι
436 2059 472 2121 δὲ
491 2054 590 2133 αῦτὸς
609 2056 652 2133 οῦς
671 2058 855 2143 ἠδικημένος
873 2059 918 2135 εἰς
939 2055 1139 2142 δικαστήριον
1159 2060 1238 2122 ἕλκω

155 2156 224 2235 νῦν,
234 2153 274 2217 οῦ
287 2152 445 2239 δικαστής,
457 2154 537 2235 dilui
547 2152 732 2241 κρινάμενος
743 2157 949 2238 καθεδοῦμαι,
960 2158 1023 2221 τῶν
1034 2146 1137 2219 άλλωυ
1149 2155 1238 2221 δικα-

9 2238 37 2351 ξί
116 2250 275 2332 οοζάντων
292 2251 476 2338 ἀρχιερέων.
497 2255 569 2318 εἶδ’
581 2247 646 2340 άρα
664 2252 824 2336 δικάζοιμι
841 2252 898 2329 καῖ
914 2249 1020 2334 αῦτδς,
1038 2249 1084 2338 μή
1093 2276 1237 2325 novero·

157 2353 271 2416 σοῦτον
290 2353 431 2436 μανείην,
452 2354 529 2437 μηδ’
550 2347 685 2427 άτοπίος
706 2354 751 2429 εἷς
771 2355 920 2419 τοσοῦτον
945 2351 1135 2434 ἐξελάσαιμι,
1158 2346 1237 2417 ὥστε

156 2443 235 2537 ὀργή
257 2449 395 2529 δικάζειν
415 2450 470 2516 καὶ
487 2447 533 2536 μή
553 2459 621 2527 τοῖς
639 2448 749 2539 άρθοῖς
770 2453 844 2537 περὶ
863 2452 927 2517 τοῖν
943 2448 1136 2537 πραγμάτων
1153 2456 1269 2534 tou-u

155 2557 256 2631 σμοῖς,
272 2552 328 2615 καῖ
345 2545 481 2631 μάλιστα
498 2548 578 2633 νυνὶ,
599 2545 645 2614 ὅτ’
660 2549 720 2634 οῦχ
740 2549 819 2635 ῦπὲρ
840 2545 958 2633 ἑτάρου,
981 2542 1035 2635 (ήν
1053 2546 1113 2635 γάρ
1128 2539 1168 2613 άν
1186 2573 1235 2625 τις

156 2646 346 2734 συγγνώμη)
368 2643 438 2713 ἀλλ’
458 2643 508 2713 ὅτε
534 2650 610 2734 περὶ
627 2651 768 2729 ἐμαυτοῦ
796 2646 855 2734 τήν
881 2652 990 2734 ψήφου
1018 2648 1138 2731 ἐξάγειν
1157 2650 1234 2730 μάλ-

114 2741 295 2813 swod
309 2742 454 2823 τάξαντες
468 2746 589 2833 ἡμέραν
604 2749 637 2811 ἐν
654 2738 871 2834 ᾖπαρέσονται
891 2743 1004 2822 πάντες
1015 2743 1045 2810 οἱ
1065 2746 1233 2831 ἀρχιερεῖς,

211 2889 249 2942 ra
259 2887 418 2959 ἀρνηθείην,
437 2889 512 2960 quod
525 2890 609 2960 Intpr.
628 2907 738 2962 quoque
749 2889 826 2959 legit,
843 2888 1056 2957 oorr.ED.P.pro
1068 2884 1231 2956 ἀρνηθείην.

154 3015 288 3080 quantum
305 3006 365 3060 fieri
376 3016 482 3078 posset,
499 3010 560 3077 paci
578 3009 730 3078 iungendos
747 3023 854 3076 operam
868 3005 952 3060 daret
989 3004 1159 3058 Domesticus
1175 3020 1232 3056 ma·

154 3080 213 3149 guia
230 3088 259 3131 et
271 3079 376 3131 iteratis
398 3079 523 3146 precibus
556 3096 585 3131 ro
605 3080 738 3149 episcopis
755 3095 834 3131 orans
848 3076 922 3129 nihil
939 3077 1035 3129 effecit.
1072 3075 1231 3129 Terrebatur

153 3150 225 3201 enim
242 3149 281 3201 ira
294 3148 466 3200 irrevocabili
481 3096 727 3219 productumque,
753 3148 811 3201 nod
831 3154 941 3199 suante
960 3149 1129 3216 ignoturum,
1150 3160 1230 3218 quam

153 3219 196 3272 illi
214 3218 342 3272 audaciae
362 3235 426 3271 suae
438 3236 540 3288 poenas
553 3218 759 3287 persolvissent,
772 3220 775 3223 ’
787 3217 893 3270 etiamsi
913 3217 1019 3269 coelum
1037 3222 1135 3268 rueret
1172 3213 1230 3266 Ne-

153 3306 207 3359 que
234 3306 263 3342 se
281 3289 383 3342 idcireo
401 3289 488 3341 scelus
516 3288 620 3352 facere,
646 3291 670 3340 si
694 3288 729 3340 ad
745 3288 880 3340 iudicium
898 3303 943 3339 eos
959 3295 1122 3354 provocaret
1159 3285 1230 3338 ‘rum

151 3375 262 3427 maguus
280 3359 462 3413 domesticus:
480 3357 502 3410 Δ
535 3360 564 3410 ui
581 3361 669 3428 impar
688 3359 740 3410 erit
758 3357 788 3409 iu
806 3358 859 3410 hoo
874 3357 978 3410 iudicio
990 3358 1152 3425 litigantium
1163 3371 1230 3409 coa·

152 3429 237 3491 ditio,
262 3431 284 3482 si
302 3437 333 3482 tu
351 3429 435 3483 iudex
451 3428 521 3480 simu
550 3436 579 3481 et
596 3437 734 3481 accusator
749 3428 858 3492 sedeas,
883 3429 990 3497 ipsique
1010 3427 1126 3479 eundem
1144 3424 1229 3494 expe'·
1283 3446 1287 3455 ’

151 3498 202 3550 riri
214 3498 395 3554 adversarium
412 3508 441 3551 et
457 3498 589 3551 arbitrum
605 3506 743 3569 cogantur.
781 3498 829 3551 sin
848 3498 928 3550 fidem
948 3497 1009 3560 das,
1028 3505 1056 3550 te
1073 3498 1116 3549 ius
1135 3512 1229 3549 eorum

151 3585 209 3620 mon
226 3570 423 3637 neglecturum,
439 3586 529 3654 neque
547 3587 581 3622 ex
600 3570 641 3622 ira
658 3570 749 3638 potius
767 3585 848 3640 quam
865 3585 898 3620 ex
914 3568 1052 3638 aequitate
1067 3584 1109 3620 res
1122 3565 1229 3620 iudica-

152 3645 255 3699 turum,
273 3638 317 3690 die
335 3639 408 3693 dicta
424 3656 454 3692 se
471 3647 578 3697 sistent.
613 3640 714 3692 Contra
730 3637 897 3710 patriarcha,
915 3637 1060 3691 Causarum
1070 3635 1227 3689 huiuamodi

152 3709 336 3775 coguitionem
354 3726 440 3762 meam
460 3710 681 3781 reliquorumque
701 3708 814 3761 fratrum
833 3726 847 3761 e
868 3710 1021 3778 iseoporum
1044 3725 1120 3770 esse,
1144 3722 1180 3758 ne
1199 3712 1227 3757 to

6 3834 7 3843 η
152 3775 263 3848 quidem
281 3778 355 3830 latet
398 3779 499 3831 Tamen
517 3782 583 3851 quia
603 3796 677 3831 nuuc
701 3778 774 3848 ipsos
799 3787 831 3832 ut
881 3796 941 3831 esus
961 3779 990 3829 iu
1009 3778 1141 3830 iudicium
1165 3791 1228 3844 per-

39 3851 44 3862 ¹
151 3845 245 3909 trab03
259 3864 315 3900 uon
333 3847 433 3912 iudex,
450 3848 498 3902 sed
518 3866 597 3913 reus,
619 3850 680 3901 aliis
698 3849 833 3919 episeopis
852 3849 894 3900 ius
912 3847 1099 3910 reddentibus,
1115 3843 1226 3898 sedebo.

151 3915 235 3986 Quod
253 3917 276 3968 si
293 3917 337 3969 vel
355 3919 365 3969 i
385 3935 414 3970 se
432 3919 564 3972 iudicium
581 3936 750 3981 exercerem,
767 3935 907 3990 uunquam
925 3934 958 3970 eo
972 3917 1093 3970 insaniae
1105 3916 1228 3968 insoleu-

150 3988 241 4039 sisae
276 3936 449 4057 τοςτεάάτετ,
472 3998 504 4042 ot
522 3989 588 4042 iram
604 3992 706 4058 magis,
732 4004 815 4060 quam
833 3995 932 4040 rectam
949 3988 1082 4039 rationem
1098 3988 1129 4038 in
1150 3984 1228 4037 iudi-

144 4055 238 4110 oendo
268 4073 343 4110 ueem
359 4075 500 4128 sequerer:
518 4078 590 4111 nuuc
602 4060 783 4130 potissimum,
802 4057 911 4129 quaudo
928 4074 984 4111 non
1001 4074 1051 4125 pro
1067 4056 1133 4120 alio,
1145 4055 1229 4126 (esset

34 4136 38 4145 '
149 4127 226 4183 enim
242 4125 335 4197 aliqua
351 4128 452 4199 renim)
471 4127 520 4182 sed
536 4145 585 4199 pro
603 4146 647 4183 me
662 4127 824 4183 sententiam
837 4127 941 4180 laturus
955 4142 1047 4181 essem.
1082 4126 1227 4194 Dirigitur
