3000 4742
458 267 740 335 ursroursuuro
771 271 796 333 1.
823 271 875 340 oo
1138 244 1223 357 269
1315 222 1321 235 ’

152 425 301 513 πράττειν
318 415 483 509 προείρητο
501 421 580 509 μήτε
605 416 714 498 όπλοις
733 419 810 507 μήτε
840 421 947 498 ἵπποις
973 424 1135 510 χρῆσθαι,
1165 419 1379 492 dtt’norsrs

151 519 276 608 ἢοῖκοι
291 518 483 605 διατρίβειν,
515 515 537 606 ἢ
566 524 644 607 πεζῇ
673 518 728 585 καί
746 515 850 585 όπλων
871 521 1013 604 προϊέναι
1033 525 1144 609 χωρίς.
1164 525 1237 589 τότε

154 624 192 690 δὲ
221 618 277 686 καί
300 643 413 700 αυτοι,
433 642 501 684 sues
528 618 727 704 πανταχόθεν
755 616 797 683 τά
825 616 981 700 βασιλέως
1003 620 1263 707 διεθρολλεῖτο,.

153 716 209 788 ἐπί
224 721 288 784 τῶν
306 717 420 800 τειχῶν
442 719 498 802 τής
517 713 614 803 αύτής
633 715 732 801 πύλης
752 714 941 793 άνελθόντες
962 707 1092 782 όνοπλοι
1112 716 1169 804 τήν
1188 718 1238 785 ἕκ-

133 818 249 901 5βασιν
274 819 456 903 περιέμενον
485 819 548 883 τῶν
582 817 784 901 πραγμάτων.
837 810 855 878 ό
881 816 989 896 μέντοι
1002 821 1240 903 μητροπολίτης

154 917 226 987 ἐπεὶ
254 913 346 1001 byrele
373 916 492 998 ἐγένετο
522 916 701 1001 Χορταίτου
713 963 724 996 ,
756 913 993 1000 ἀπροσδοκήτως
1020 911 1162 997 άντυχῶν
1195 920 1241 1004 τῷ

155 1017 215 1107 rip
244 1019 385 1100 βασιλεῖ,
419 1011 622 1098 δξεπέπληκτό
649 1009 758 1077 τεκαὶ
781 1015 838 1096 τής
858 1004 1001 1099 άφίξεως
1021 1016 1239 1100 κατεμέμφετο

156 1115 214 1202 τήν
242 1110 401 1199 άκαιρίαν.
429 1109 714 1199 προσαγορεύοντος
741 1112 777 1175 δὲ
809 1104 901 1177 αύτόν
931 1116 1111 1195 βασιλέως,
1142 1109 1241 1188 αύτός

160 1214 239 1301 πρός
257 1209 310 1277 τὸν
333 1214 364 1275 ἔτι
384 1212 443 1276 τοῦ
462 1209 625 1296 αἰφνιδίου
646 1211 789 1299 κινδονον
809 1209 1018 1296 θορυβηθεὶς,
1048 1211 1132 1296 μηδὲ
1152 1203 1240 1276 άντι-
1271 1234 1274 1241 ’

123 1305 336 1397 ιοπροσειπῶν
347 1362 358 1392 ,
385 1301 518 1395 ἤλαυνεν
542 1309 587 1386 ῶς
615 1303 682 1392 εἶχε
709 1305 825 1391 τάχους
840 1332 844 1343 ’
857 1304 933 1392 πρὸς
962 1307 1018 1394 τήν
1044 1309 1153 1393 πόλιν,
1180 1307 1238 1394 τήν

160 1408 274 1497 ἔφοδον
301 1405 450 1493 μηνύσων
479 1410 642 1491 βασιλέως.
679 1409 781 1473 einero
809 1408 843 1472 d'
863 1400 945 1494 αύτῷ
975 1404 1062 1472 sold
1083 1405 1326 1490 {looslsdemfiu

159 1508 388 1593 συντονώτερον
419 1505 569 1590 βαδίζων.
619 1503 650 1571 oi
683 1509 719 1571 δὲ
757 1504 798 1570 τά
832 1505 935 1572 αύτοά
967 1502 1154 1592 πρόπαντος
1174 1517 1238 1584 τοῖς

159 1610 292 1691 τείχεσιν
310 1608 502 1693 ἐφεστῶτες,
528 1604 599 1671 ἐπεὶ
620 1599 682 1670 άπὸ
697 1607 764 1670 τῶν
784 1606 930 1689 σημαιῶν
948 1601 1086 1688 ἔγνωσαν
1101 1609 1334 1705 duusls'ullpti

159 1703 399 1791 προσελαύνειν,
415 1703 694 1788 ἀναθαρσήσαντες
710 1704 906 1768 ἐπιτίθενται
931 1713 998 1778 τοῖς
1019 1702 1081 1782 ἔξω
1098 1705 1163 1797 τῶν
1181 1731 1243 1769 πυ-

125 1805 247 1885 ιὸλῶν,
269 1800 371 1875 λίθοις
388 1798 555 1883 βάλλοντες
573 1795 635 1864 dut
663 1804 726 1866 τῶν
753 1800 885 1884 τειχῶν·
914 1798 944 1866 οῖ
967 1802 1024 1884 δὲ,
1051 1804 1114 1868 τῶν
1132 1826 1167 1866 τε
1186 1826 1243 1868 πο-

161 1904 278 1981 λεμίων
291 1896 407 1976 ἔξωθεν
421 1896 590 1981 ἐπιόντων,
612 1901 674 1964 τῶν
692 1922 727 1964 τε
753 1897 881 1965 ἔνδοθεν
901 1900 1046 1989 φανερῶς
1065 1903 1243 1984 ἐκπολεμω-

162 2000 283 2062 θέντων
288 2046 299 2078 ,
314 1990 372 2060 ούιι
386 1994 510 2079 ἔχοντες
530 1991 592 2078 δ’,τι
611 1995 812 2083 χρήσωνται,
832 1995 920 2063 ἔνδον
934 2002 994 2082 μδν
1013 1999 1162 2084 εἰσῆλθον
1179 2002 1243 2065 τῶν

161 2099 274 2179 τειχῶν
293 2092 349 2171 καί
366 2088 554 2161 ἇπέκλεισαν
582 2092 639 2172 τοὶς
658 2093 778 2173 πύλας·
791 2094 837 2181 μή
863 2098 1030 2181 δυνάμενοι
1052 2099 1088 2164 δὲ
1104 2097 1244 2181 ἀντέχειν

164 2192 243 2280 πρὸς
262 2194 338 2270 τούς
359 2190 530 2278 βάλλοντας
553 2188 613 2260 οἷπό
635 2196 694 2260 τοῦ
722 2194 863 2279 τειχους,
879 2195 1057 2283 ἐτράπησαν
1072 2197 1118 2273 εἰς
1139 2195 1243 2284 φυγήν

124 2293 220 2363 sonui
233 2289 289 2377 τήν
306 2291 471 2378 άκρόπσλιν
494 2295 643 2376 κατέσχον
658 2291 804 2372 ἐλθόντες
821 2294 865 2371 ῶς
882 2294 1096 2377 άμυνούμενοι
1113 2297 1243 2361 ἐκεῖθεν.

165 2386 246 2476 ἦρχε
266 2393 301 2455 δὲ
322 2391 423 2475 αύτής
450 2388 590 2469 Λυζιιιός
613 2393 644 2456 Γ
641 2391 769 2478 εῶρχιος
801 2395 837 2459 ἐν
868 2392 1031 2479 Βεῤῥοίας.
1072 2393 1102 2460 οἱ
1126 2396 1162 2461 δὲ
1181 2391 1269 2459 daie

164 2492 224 2554 τού
250 2490 373 2572 τείχους
397 2486 597 2566 κατελθόντες
624 2494 681 2556 καί
708 2489 766 2567 τάς
784 2489 886 2569 πύλας
905 2492 1099 2576 άνοίξαντες,
1125 2494 1244 2560 εἰσεδύ-

165 2589 256 2663 ξαντο
276 2587 416 2668 βασιλέα
445 2580 514 2669 άμα
536 2591 572 2655 δὲ
595 2587 684 2675 ναίὴ
700 2586 789 2665 πόλις
804 2594 889 2655 πάσα
906 2592 1107 2678 προσετίθετο
1121 2594 1166 2680 τῷ
1183 2594 1241 2680 νέην

167 2690 311 2768 βασιλεῖ,
334 2682 390 2749 καί
411 2677 587 2771 ήσπάζοντο
604 2685 750 2764 ἐλθόντες
771 2687 938 2774 πανδημεί.
962 2686 1109 2771 βασιλεύς
1136 2691 1172 2753 δὲ
1196 2688 1242 2773 μή

129 2775 235 2853 αὸάπό
257 2782 368 2868 Φερῶν
384 2786 430 2860 εἰς
455 2781 515 2870 τήν
538 2783 707 2874 α’κρόπολιν
735 2784 916 2875 στράτευμα
941 2783 1036 2853 ἐλθόν
1063 2787 1243 2854 δυσάλωτον

171 2941 246 2997 eret,
270 2949 339 2988 neve
357 2935 454 3001 ernis,
476 2952 546 2992 nere
563 2940 640 3011 equis
665 2946 824 3003 uterentur,
847 2938 895 2993 sed
913 2946 961 2992 sot
980 2939 1051 2992 intra
1074 2939 1191 3007 parietes
1215 2938 1245 2993 s'e

170 3006 358 3068 continerent,
389 3016 448 3059 >sut
464 3009 524 3061 sine
541 3010 619 3080 equis
641 3025 673 3062 ac
691 3012 750 3063 sine
771 3010 850 3062 armis
886 3010 915 3061 in
940 3007 1079 3078 publicum
1097 3009 1245 3077 prodirent.

171 3075 230 3144 Qui
249 3083 278 3126 et
295 3076 364 3143 ipsi,
382 3077 604 3148 quandoquidem
622 3077 751 3132 adventus
769 3080 939 3149 imperatoris
966 3079 1086 3131 omnium
1112 3082 1246 3132 sermoni-

171 3144 225 3196 bus
243 3144 450 3207 celebrabatur,
467 3149 549 3200 muris
586 3156 661 3201 ortae
680 3151 734 3201 ism
751 3149 840 3201 dictae
858 3150 1019 3210 conscensis,
1037 3164 1126 3200 rerum
1143 3150 1246 3201 exituro

171 3218 286 3268 inermes
312 3215 511 3284 exspectabant
577 3219 721 3286 etropolits
748 3226 780 3271 ut
797 3218 941 3272 Chortseto
966 3217 1172 3288 propinquavit,
1191 3221 1245 3271 im-

170 3285 277 3355 proviso
298 3285 327 3337 in
345 3286 534 3354 imperatorem
550 3286 684 3351 incidens,
703 3287 846 3356 obstupuit
863 3297 892 3340 et
914 3288 1131 3357 intempestivam
1153 3290 1247 3359 profe·

171 3357 297 3408 ctionem·
317 3372 393 3407 surm
412 3356 553 3409 incusavit.
594 3358 731 3411 salutatus
755 3358 789 3409 sb
816 3359 996 3427 imperatore,
1025 3358 1084 3427 ipse
1101 3361 1245 3428 repentino

170 3426 293 3495 periculo
312 3425 457 3478 exterritus
486 3426 611 3498 nihilque
635 3426 815 3497 respondens,
839 3444 926 3500 quam.
944 3427 1069 3480 celeriter
1094 3430 1194 3498 potuit,
1216 3445 1246 3482 se
1306 3486 1313 3493 ,

171 3496 326 3565 proripuit,
355 3496 414 3547 eius
434 3496 469 3549 ad
486 3497 581 3550 urbem
605 3515 739 3551 accessum
764 3497 946 3551 nuntiaturus.
987 3498 1156 3568 Sequebatur
1178 3517 1246 3552 con-

173 3566 291 3618 tentiore
309 3582 400 3635 gressu
417 3567 578 3636 imperator:
609 3571 686 3621 euius
709 3569 831 3620 lautores
855 3569 884 3619 in
907 3569 990 3620 muris
1014 3578 1151 3634 astantes,
1167 3577 1247 3640 post·

173 3652 253 3706 quam
271 3652 286 3686 e
303 3636 410 3688 vexillis
438 3638 526 3707 ipsum
552 3637 712 3711 adequitare
738 3638 908 3700 didicerunt,
931 3648 1037 3708 sumpta
1064 3639 1193 3702 sudreie,
1216 3640 1247 3691 in

173 3721 231 3767 eos,
248 3706 297 3774 qui
315 3715 389 3758 extra
407 3716 512 3777 portam
529 3717 615 3772 erant,
622 3706 816 3778 lapidationem
835 3708 980 3760 faciebant
999 3709 1022 3759 Ii
1038 3707 1161 3761 hostibus
1179 3709 1245 3761 loris

175 3774 372 3844 ingruentibus,
390 3784 419 3829 et
437 3779 483 3848 qui
504 3778 576 3832 intus
595 3787 673 3832 erant
689 3787 782 3851 aperte
796 3778 913 3841 infestis,
929 3778 1080 3831 nescientes
1100 3778 1169 3849 quid
1186 3795 1250 3848 uge-

176 3853 253 3907 reut‚
271 3845 389 3898 intruso
408 3848 560 3917 recipiunt,
605 3858 676 3902 ortas
694 3848 849 3901 occludunt.
884 3849 918 3900 Et
943 3851 1009 3919 quis
1035 3847 1071 3904 de
1091 3865 1168 3903 muro
1185 3865 1249 3901 sass

176 3914 339 3968 iacientibus
358 3917 482 3969 resistere
498 3867 664 3990 nequidant,
689 3919 717 3971 iu
735 3919 827 3988 fugam
845 3921 982 3980 converri,
1008 3933 1113 3983 arcem,
1135 3919 1249 3972 atinde

177 3998 207 4034 se
224 3982 379 4049 defensuri,
406 3996 547 4057 occupant.
582 3988 645 4042 Arei
669 3988 801 4058 Georgius
823 3986 936 4054 Lyzlcus
960 3994 1089 4056 praeerat
1134 3989 1191 4061 Qui
1218 3989 1249 4041 ln

178 4053 320 4107 moenibus
342 4055 449 4108 stabunt
474 4056 654 4123 descendere,
679 4067 772 4129 portas
789 4057 947 4119 recludere,
974 4057 1162 4129 imperatorem
1178 4060 1251 4112 reci·

176 4137 260 4192 pere,
279 4131 308 4176 et
325 4125 390 4178 urbs
407 4126 486 4178 simul
503 4130 627 4184 universa
646 4129 675 4180 ln
693 4130 752 4183 eius
771 4132 933 4197 potestatem
950 4126 1040 4192 abirc;
1078 4129 1176 4198 opulus
1190 4135 1250 4178 tor-

176 4193 274 4247 rnutinr
289 4190 325 4246 sd
341 4210 404 4249 curn
420 4196 592 4255 sdntsndosn
609 4214 758 4257 sccnnere.
791 4197 842 4250 lile
859 4197 978 4263 veritus,
1002 4215 1037 4251 ne
1098 4199 1152 4251 eris
1175 4212 1249 4250 sunr-
