3000 4742
260 244 344 347 dlla
656 258 934 339 wiotum

115 428 337 508 bcattleiota
356 422 521 509 ἐγχώριοι,
552 416 660 486 ἔπειτα
680 420 735 484 cui
754 415 813 493 τὰς
833 412 912 479 nurci
934 412 991 499 τὴν
1012 412 1199 500 Μιτυλήνην
1214 415 1251 495 ἓξ
1269 436 1337 481 ιω.

259 521 472 611 ραλαβόντας,
494 521 663 585 ἐπιθέσθαι
684 517 772 606 αὐτῷ
793 511 873 581 κατὰ
894 511 952 598 την
976 510 1146 580 odeum.
1173 513 1274 578 τούτο
1296 516 1338 579 δέ

258 622 334 698 τούς
361 618 538 702 Ῥωμαιόυς
577 619 839 683 συνεσκευαιιέναι
887 614 925 679 ού
959 616 1017 698 τῆς
1047 617 1110 678 τοῖν
1142 616 1173 678 Γ
1171 614 1336 677 moruus

259 723 407 808 προνοίας
426 723 532 799 ἓνεκα,
565 716 633 781 ἀλλ’
655 717 814 796 ἐπίβουλοι
840 710 896 778 καί
917 710 1071 798 προδόται
1099 712 1253 794 βασιλέως
1280 734 1337 794 γε-

258 823 435 905 γενημένοι,
467 817 594 899 καὶτῆς
613 816 715 900 οἷρχῆς
733 815 886 901 κρατῆσαι
912 815 1114 900 βουληθέντος
1133 811 1167 891 έξ
1188 801 1232 877 eir
1253 799 1356 900 qius-5

232 937 294 989 Dru
317 913 508 1002 δυνήσεσθαι
529 917 717 1002 διαφθεῖραι
738 910 903 999 ἔπραττον.

160 1040 252 1096 v„35
341 1013 377 1082 λ’.
418 1013 576 1092 Βασιλεύς
607 1014 642 1077 δὲ
669 1009 739 1077 ἐπεὶ
765 1012 896 1078 ἐπύθετο
914 1011 1067 1095 τοιαῦτα,
1099 1011 1154 1097 τήν
1180 1033 1215 1077 aa
1236 1001 1336 1077 odom

257 1113 469 1204 παρεσκεύαζε
490 1110 625 1195 δύναμιν
651 1110 696 1187 oie
720 1104 761 1196 ἢν
791 1112 845 1200 δέη
874 1109 1106 1195 ναυμαχήσων,
1144 1115 1200 1177 καί
1224 1106 1337 1197 ἑτέραν

256 1215 319 1283 ἀπὸ
338 1218 403 1281 τῶν
422 1212 500 1279 κατὰ
522 1211 580 1298 τὴν
600 1211 720 1277 ’Imma
743 1207 915 1298 βαρβάρων
941 1212 1177 1297 προσιπορίζοτο
1198 1204 1256 1296 ὅση
1275 1213 1336 1276 δυ-

255 1315 351 1401 νατὴ.
404 1312 459 1378 καὶ
484 1306 650 1397 Σαρχάνης
676 1313 736 1392 μὲν
763 1312 913 1397 τέτταρας
943 1313 999 1375 καί
1029 1307 1127 1376 εἴκοσι
1156 1314 1378 1397 παρέσχετοιο

161 1418 336 1490 batinario
365 1411 422 1478 καί
451 1407 599 1495 στρατιὰν
618 1407 730 1495 πολλὴν
749 1408 846 1494 πεζήν
865 1431 901 1473 τι
921 1408 976 1474 καί
991 1407 1133 1493 ἱππικὴν,
1154 1405 1176 1495 ἢ
1194 1410 1337 1475 ἐλθοῦσα

256 1510 533 1599 ἐστρατοπεδεύετο
550 1505 637 1593 παρὰ
657 1506 715 1593 τὴν
736 1507 905 1573 Φώκαιαν·
943 1505 1069 1595 Ἀμούρ
1091 1510 1127 1573 δέ
1146 1503 1163 1574 ὅ
1182 1510 1241 1573 τού
1262 1507 1336 1574 Ἀἰ-

254 1613 340 1695 τίνη,
373 1613 430 1676 τοῦ
448 1605 585 1693 μεγάλου
614 1610 797 1690 δομεοτύιου
823 1609 988 1681 πιέσαντος
995 1658 1007 1689 ,
1045 1604 1212 1694 τριάκοντα
1239 1610 1338 1675 ναυσὶ

255 1707 427 1791 συνεμάχει
446 1712 580 1790 βασιλεῖ.
605 1700 623 1771 ὅ
642 1704 701 1792 γὰρ
719 1708 820 1789 μέγας
839 1708 1017 1789 δομέστιιιος
1036 1710 1092 1772 καί
1109 1704 1256 1792 πρύτὲρον
1274 1708 1336 1789 μὲν

256 1802 322 1892 εἶχε
348 1804 427 1893 πρὸς
460 1800 583 1891 Ἀμούρ
614 1807 727 1892 φιλίους
757 1806 812 1871 καί
834 1806 1017 1891 γράμμασιν
1044 1807 1131 1894 αύτῷ
1151 1805 1263 1889 ὁμίλει
1281 1806 1378 1879 ιιαδιὸ

255 1906 312 1993 την
331 1898 455 1971 εύνοιαν
475 1902 681 1987 duodecimum,
702 1903 879 1988 συνεγένετό
907 1928 941 1970 τε
960 1903 1016 1970 καὶ
1033 1903 1087 1971 έπδ
1109 1903 1222 1991 μικρὸν
1243 1902 1337 1994 δλίγιρ

256 2006 415 2093 πρότερον,
438 1998 491 2069 ὅτε
509 2000 589 2070 κατὰ
610 2005 761 2071 Φώκαιαν
781 2001 861 2090 πρύς
880 2007 1014 2088 βασιλέα
1033 1996 1104 2091 ἧκε·
1136 2002 1205 2070 τότε
1225 2006 1262 2069 δέ
1281 2009 1340 2090 τῆς

239 2105 366 2190 ,χρείας
385 2102 557 2188 καλούσης,
586 2104 754 2189 πρεσβείαν
773 2107 904 2185 πέμψας
923 2101 1003 2190 πρὸς
1022 2102 1135 2185 αύτδν,
1156 2103 1195 2168 οδ
1215 2101 1340 2169 δίκαιον

258 2202 394 2290 ἔφασκεν
414 2198 495 2269 εἶναι
516 2204 591 2269 ouidi
613 2208 688 2267 καθ
710 2198 827 2287 ἡδονὴν
853 2197 936 2292 αύτῷ
955 2200 1121 2290 γράμμασι
1141 2206 1197 2268 καί
1214 2199 1340 2288 ‹inett-

257 2324 309 2375 αις
328 2295 432 2387 ὥσπερ
454 2299 603 2387 πρότερον
617 2303 672 2367 καί
688 2293 785 2377 αὖθις
805 2298 947 2383 ὁμιλεῖν.
979 2298 1128 2387 πρότερον
1145 2299 1207 2387 γὰρ
1229 2301 1379 2368 uitium

233 2396 340 2467 Βεῖναι
365 2402 421 2486 τῆς
451 2401 599 2485 τοιαύτης
626 2403 797 2484 συντυχίας
824 2397 859 2465 ιδ
889 2396 968 2464 πολύ
990 2400 1135 2486 ἀλλήλων
1157 2397 1338 2465 διεστάναι·

258 2499 330 2564 νυνί
349 2500 384 2563 δέ
403 2496 493 2580 ἐγγύς
521 2496 763 2585 διατριβόντων,
796 2498 917 2564 δίιιαιον
944 2494 1046 2581 εἶναι,
1077 2497 1141 2583 εἴγε
1170 2500 1226 2564 καί
1252 2492 1337 2585 αύτῷ

259 2596 340 2662 κατὰ
360 2592 486 2681 γνώμην
506 2595 574 2682 εἴη,
607 2599 642 2663 έν
669 2597 833 2688 οδρισμένιρ
864 2597 928 2664 aui
946 2595 1032 2686 τύπρι
1059 2602 1264 2683 συγγενέσθαι
1281 2600 1339 2662 καὶ

258 2701 313 2782 τῆς
333 2691 472 2784 ἇλλήλων
492 2694 617 2781 δμιλίας
636 2692 816 2764 ἀπολαῦσαι
834 2696 891 2763 καί
906 2696 965 2784 την
992 2690 1089 2764 odona
1109 2694 1338 2782 έπιβεβαιύσα-

258 2886 424 2959 reperirent,
444 2894 473 2939 et
491 2887 546 2940 iilis
565 2887 639 2940 idem
658 2903 707 2939 sex
725 2886 799 2959 apud
816 2884 984 2956 Mitylenen,
1009 2886 1146 2940 Phocaeae
1168 2886 1259 2953 ipsum
1285 2884 1340 2936 im-

257 2965 409 3078 peratorem
429 2957 606 3011 adorirentur.
644 2958 723 3009 Talia
746 2960 879 3011 Romanos
896 2959 1042 3022 struxisse,
1060 2975 1115 3010 non
1133 2963 1164 3008 ut
1181 2955 1338 3008 Genuensi·

279 3044 309 3079 us
333 3027 519 3091 consulerent,
542 3028 589 3080 sed
605 3028 778 3080 insidiatores
800 3035 829 3079 et
852 3029 1005 3099 proditores
1022 3029 1108 3080 factos
1136 3033 1164 3079 et
1193 3025 1338 3092 imperium

258 3104 422 3157 affectantes,
442 3099 513 3151 unde
531 3115 559 3149 se
576 3099 666 3166 ipsum
678 3099 869 3168 imperatorem
879 3102 935 3157 rita
949 3098 1067 3170 spoliare
1080 3113 1161 3168 posse
1170 3094 1338 3148 arbitraren-

258 3176 321 3231 tur,
340 3167 369 3219 id
386 3183 464 3235 agere
484 3185 516 3220 ac
531 3168 631 3221 moliri.

329 3238 371 3288 30.
408 3237 456 3288 llis
483 3237 585 3290 auditis
609 3239 756 3307 imperator
774 3245 803 3293 et
819 3256 885 3312 quas
906 3257 995 3293 secum
1014 3237 1134 3291 habebat
1146 3238 1236 3308 copias
1253 3243 1285 3289 ut
1301 3232 1338 3288 ad

258 3322 375 3378 pugnam
393 3309 516 3359 navalem
534 3309 702 3371 instruebat,
720 3311 743 3362 si
761 3328 828 3380 opus
848 3311 932 3363 soret:
954 3319 982 3362 ct
998 3310 1217 3379 aliasiusupera
1234 3307 1338 3359 barba-

258 3379 295 3429 ris
323 3392 357 3427 ex
381 3377 458 3429 Ionia
485 3385 601 3448 quantas
628 3388 736 3447 poterat
766 3381 954 3452 conquirebat
998 3386 1036 3434 Ae
1059 3379 1206 3432 Sambanes
1226 3375 1339 3448 quidem

259 3463 341 3507 naves
359 3454 504 3515 quaternas
520 3456 549 3501 et
562 3448 669 3502 vicenas
694 3451 872 3521 peditumque
890 3460 919 3503 et
932 3452 1054 3521 equitum
1067 3466 1190 3518 maguam
1206 3450 1261 3501 vim
1271 3446 1339 3499 sub·

260 3516 438 3579 ministravit,
458 3521 505 3588 qui
524 3535 610 3588 prope
627 3520 775 3572 Phocaeam
794 3520 977 3578 tetenderunt.
1012 3520 1136 3573 Ammius
1154 3536 1217 3571 vero
1237 3519 1339 3571 ditinis

259 3587 348 3649 filius,
372 3588 492 3654 impulsu
519 3589 609 3657 magni
626 3589 784 3653 domestici,
809 3607 868 3642 eum
896 3592 1009 3661 triginta
1036 3590 1150 3642 navibus
1178 3589 1340 3659 imperatori

260 3658 421 3709 auxiliatum
436 3660 518 3711 venit
555 3659 723 3711 Domesticus
743 3662 815 3713 enim
835 3669 863 3714 ct
880 3670 944 3713 ante
951 3660 1091 3713 Amarium
1109 3659 1245 3730 diligebat
1262 3675 1340 3710 amo·

261 3745 371 3797 remque
391 3744 469 3779 suum
487 3728 586 3781 crebris
605 3729 630 3780 ei
648 3729 747 3783 litteris
766 3729 934 3782 declarabat:
952 3738 981 3783 et
1005 3748 1066 3783 cum
1082 3728 1179 3782 eodem
1196 3727 1231 3781 ad
1248 3731 1341 3798 impe·

261 3806 376 3851 satorem
400 3799 546 3851 Phocaeam
571 3799 698 3851 veniente
728 3801 811 3869 paulo
829 3808 893 3852 ante
916 3801 1086 3853 familiariter
1103 3814 1259 3870 congressus
1277 3799 1342 3850 ίιιο·

261 3878 310 3920 rat
347 3870 416 3920 Turn
435 3877 525 3921 antem
541 3884 569 3919 re
587 3868 625 3919 ita
641 3868 765 3931 iubente,
785 3870 886 3939 legatos
902 3869 936 3923 ad
955 3888 1016 3924 eom
1030 3871 1113 3934 misit,
1133 3872 1182 3941 qui
1206 3868 1341 3932 dicerent,

260 3955 312 3991 nec
329 3939 446 4000 iustum,
467 3956 517 3991 nec
534 3938 587 3989 sibi
606 3939 752 3992 iucundum
771 3957 843 4002 csse,
862 3959 965 3992 rursum
983 3941 1088 3994 nuntiis
1108 3948 1137 3994 et
1155 3941 1255 3994 litteris
1278 3955 1341 3990 cum

262 4024 295 4060 eo
313 4009 469 4061 volutante
487 4009 614 4079 colloqui.
631 4009 698 4061 Nam
717 4010 903 4062 huiuscemodi
922 4012 1120 4081 colloquiorum
1138 4026 1245 4062 causam
1261 4009 1340 4078 prins
1358 4026 1364 4033 ’

262 4078 364 4137 luisse,
388 4077 462 4147 quod
491 4080 563 4131 inter
580 4095 609 4131 se
637 4081 744 4149 longius
771 4080 912 4137 distarent.
947 4081 1026 4133 Nune
1045 4084 1174 4153 quoniam
1192 4082 1340 4132 viciniores

263 4149 335 4211 siut,
355 4163 472 4218 aequum
491 4164 549 4202 esse
559 4187 568 4213 ,
585 4150 609 4202 si
626 4151 699 4204 idem
717 4151 760 4204 illi
777 4152 923 4223 probetur,
940 4152 970 4205 in
986 4152 1046 4205 loco
1066 4153 1158 4222 aliquo
1176 4160 1249 4206 certo
1269 4166 1339 4205 con-
