3000 4742
231 298 275 359 vt
625 290 934 355 ruttuoumut.

232 480 323 529 nam
357 449 532 540 adhibet,
565 450 619 528 ita
651 470 698 527 ut
727 451 933 528 maximam
966 467 1116 557 partem
1139 446 1315 526 emenda·

232 576 386 652 tionum
410 598 543 649 earum
576 575 620 650 in
646 594 753 653 textu
777 598 962 680 reponere
987 598 1068 647 non
1092 569 1315 648 dubitarim.

231 698 323 795 Quo
349 699 466 800 magis
491 695 702 774 dolendum
728 719 798 790 est,
835 698 1029 774 uberiores
1052 695 1133 770 eius
1157 712 1316 771 annota-

232 821 371 912 tiones,
394 821 445 895 ad
468 847 563 923 quas
585 822 767 897 lectorem
789 850 827 927 p.
858 849 938 922 ¹77·
952 822 992 897 C.
1013 817 1193 908 remittit,
1216 845 1318 894 nun·

233 969 354 1046 quam
387 943 431 1020 in
466 944 592 1017 lucem
617 942 803 1047 prodisse,
837 967 965 1045 neque
997 940 1156 1017 omnino
1188 941 1238 1015 ab
1271 966 1316 1016 eo

233 1085 383 1143 tantam
406 1066 449 1141 in
473 1066 747 1173 posterioribus
776 1066 1028 1145 Cantacuneni
1048 1062 1159 1140 libris
1183 1090 1317 1138 curam

233 1190 398 1297 positam
421 1216 514 1282 esse,
540 1209 687 1294 quanta
712 1191 756 1265 in
781 1186 1004 1293 castigandis
1029 1184 1225 1292 prioribus
1243 1185 1318 1259 ela-

234 1294 385 1392 borasse
411 1314 620 1394 censendus
644 1334 708 1393 est.
759 1305 1006 1417 Quamquam
1026 1310 1086 1386 vel
1111 1309 1155 1385 in
1174 1308 1235 1385 his
1260 1308 1318 1413 ip-

235 1438 284 1513 sis
307 1438 421 1543 plura
445 1437 597 1530 inveni,
637 1438 737 1541 quae
770 1463 860 1513 cum
884 1432 1083 1511 manifesto
1113 1430 1318 1536 depravata

235 1580 357 1639 essent
380 1578 420 1641 et
443 1564 582 1666 corrigi
599 1580 816 1668 poscerent,
841 1562 909 1637 ille
932 1586 1012 1637 non
1031 1553 1318 1640 animadvertit,

237 1704 307 1761 aut
327 1686 588 1765 animadversa
606 1684 660 1763 ita
684 1687 856 1778 tentavit,
883 1704 930 1761 ut
946 1683 1146 1762 veritatem
1161 1680 1320 1785 scripto-

238 1809 367 1912 risque
383 1837 545 1886 manum
566 1810 743 1885 nondum
758 1829 946 1889 assecutus
958 1806 1164 1884 videretur·
1183 1812 1320 1910 Itaque

237 1934 318 2039 ipse
334 1930 565 2008 emendandi
580 1930 745 2008 subinde
761 1932 979 2037 periculum
995 1932 1088 2023 feci,
1112 1947 1152 2004 et
1167 1929 1322 2031 siquan-

238 2053 289 2129 do
310 2053 468 2129 meliora
494 2081 540 2128 ac
565 2056 653 2131 eatis
678 2073 781 2129 certa
805 2071 1060 2159 suppeterent,
1086 2074 1129 2127 ea
1151 2049 1320 2127 breviter

239 2176 418 2253 indicavi.
467 2177 606 2254 Codice
629 2204 720 2255 usus
742 2205 828 2255 sum
851 2180 983 2254 nullo:
1010 2171 1199 2251 eiusmodi
1213 2200 1322 2279 prae-

239 2298 327 2377 sidii
352 2300 436 2375 loeo
460 2301 672 2379 versionem
682 2300 848 2376 Pontani
873 2299 1015 2394 habui3
1038 2299 1187 2403 inspexi
1207 2299 1324 2374 etiam

240 2421 455 2516 interdum,
496 2450 569 2501 nec
601 2423 643 2500 id
667 2424 749 2500 sine
774 2448 910 2528 operae
934 2424 1087 2513 fructu,
1114 2420 1323 2503 editionem

240 2548 430 2630 Venetam
458 2575 492 2623 a.
522 2575 626 2648 1729.
650 2547 737 2640 fot,
771 2575 890 2651 quam
923 2573 969 2622 ex
1004 2548 1176 2625 Parisino
1201 2575 1323 2624 exem*

241 2673 307 2776 plo
341 2671 611 2777 transcriptam
634 2696 709 2749 esse
733 2688 889 2747 constat.
945 2673 1001 2746 Ea
1040 2673 1145 2748 enim
1175 2673 1324 2776 aliquot

241 2791 382 2868 menda
398 2794 476 2868 iam
495 2811 662 2870 correcta
677 2793 847 2883 exhibet,
862 2794 1029 2868 aliorum
1046 2812 1172 2873 tamen
1186 2798 1324 2904 passim

241 2916 363 2993 obsita
386 2935 443 2994 est
466 2917 581 2995 turba
603 2914 785 2994 foediore.
845 2918 1026 3021 Denique
1056 2922 1256 2999 nonnullis
1279 2923 1324 3000 in

243 3041 336 3115 locis
364 3039 718 3127 emendationibus,
751 3067 846 3145 quas
877 3042 952 3118 Vir
977 3044 1158 3137 Illustris,
1197 3049 1236 3121 B.
1275 3047 1323 3122 G.

242 3164 501 3254 Niebuhrius,
537 3187 592 3260 et,
628 3169 739 3244 cuius
771 3195 880 3244 nunc
903 3169 1036 3244 Bonna
1068 3170 1238 3249 distracti
1264 3170 1324 3245 iu-.

123 3346 125 3353 s
242 3288 512 3366 cundissimam
526 3292 840 3370 memoriamhic
863 3294 1029 3368 recolere
1053 3295 1177 3388 iuvat,
1203 3297 1324 3370 Henr.

242 3412 473 3505 Grauertus,
508 3414 675 3517 margini
707 3412 905 3503 editionis,
939 3442 1017 3517 qua
1049 3436 1161 3511 utor,
1186 3418 1325 3494 adscri-

242 3553 415 3642 pserant,
446 3535 592 3640 egregie
612 3534 793 3612 adiutum
815 3563 876 3614 me
896 3564 971 3616 esse
985 3559 1114 3643 gratus
1128 3541 1323 3646 profiteor.

342 3660 484 3749 Restat,
519 3677 566 3734 ut
590 3659 654 3749 iis,
686 3661 854 3764 quaein
891 3661 1129 3766 praefatione
1160 3662 1325 3740 Pontani

244 3779 292 3856 de
315 3784 579 3859 Cantacuzeno
605 3781 687 3888 ipso
713 3782 872 3888 eiusque
897 3785 940 3861 in
964 3782 1188 3862 enarrandis
1212 3783 1326 3859 rebus

246 3905 322 3982 lide
354 3935 399 3982 ac
434 3905 562 3985 studio
584 3907 664 3985 veri
689 3907 779 3985 satis
804 3910 1005 4013 magnifice
1028 3907 1323 4014 praedicantur,

244 4029 436 4110 iudicium
453 4030 594 4109 addam
610 4028 681 4109 Ed.
699 4031 891 4125 Gibboni,
908 4033 952 4109 in
965 4032 1099 4141 primis
1111 4029 1325 4133 intelligen-

246 4153 294 4229 tis
307 4152 450 4232 harum
466 4183 597 4234 rerum
620 4155 904 4261 existimatoris,
936 4153 1044 4261 quod
1071 4154 1165 4233 adeo
1189 4154 1323 4236 verum
