3000 4742
561 293 962 367 simonianorum
1214 265 1293 356 153

164 437 168 444 ’
219 447 301 528 δέον,
312 434 507 522 αότεξοέσιοι
519 440 677 526 γεγονότες
689 439 816 525 ἔμειναν
834 442 870 508 έν
888 443 931 533 spi
945 435 1066 531 όγοθηε,
1080 437 1172 511 οῦδὲν
1184 435 1224 513 ds
1236 446 1444 512 reive-Cain

177 555 182 565 '
216 544 296 627 μετὰ
316 543 417 607 ταῦτα
436 541 687 629 παραβαθέντων
705 540 877 629 ἐτολμήθη.
896 543 1021 608 insidi
1041 541 1095 607 sisci
1115 542 1174 630 τὴν
1193 544 1298 633 παρό-

216 647 312 726 βασιν
331 637 495 717 εόόλισβος
514 638 592 726 πρός
609 638 645 705 τό
664 640 815 726 χεῖρονῆ
844 644 906 707 τῶν
933 638 1112 728 ἀνθρώπων
1135 645 1298 729 γεγένηται

217 740 328 827 φόσις,
349 742 385 820 d}
404 739 524 804 ἐκείνου
543 742 639 824 μέχρι
659 742 715 804 καί
731 741 787 806 νῦν
808 739 900 805 πέντ’
919 732 986 805 ciro
1005 738 1062 804 ιιαί
1073 736 1157 805 κότου
1172 744 1227 806 καί
1237 745 1298 808 τοῦ

34 909 40 923 ,
85 879 91 892 1
195 835 249 917 όίξ
277 840 380 926 ἀρχῆς
406 838 618 921 ἐπικειμένου
638 836 758 923 γίνεται
784 839 1024 926 συνεργοῦντος,
1052 829 1157 904 tneor
1193 840 1232 926 δη
1264 865 1298 907 τι

34 941 38 970 ’
83 947 118 968 ··
215 939 274 1004 νῦν
289 939 469 1022 συμβέβηκε
486 940 542 1002 καί
555 936 643 1021 ἡμῖν.
683 938 756 1002 δέον
766 934 827 1023 γὰρ
850 937 907 1020 ipsi
922 934 979 1022 τὴν
994 933 1075 1021 πρός
1092 938 1149 1020 έμέ
1164 959 1223 1003 σου
1241 929 1300 1003 εῦυ

214 1060 305 1103 νοιαν
321 1036 377 1102 καί
391 1032 472 1122 πρός
485 1038 605 1123 πατέρα
628 1036 722 1101 παιδὶ
745 1038 928 1123 πρέπουσαν
949 1036 1031 1101 αἰδοῦ
1052 1058 1088 1100 τε
1114 1037 1170 1102 καί
1196 1033 1321 1122 τιμηνΙ)

216 1136 327 1213 adroic
343 1133 445 1221 ἔργοις
470 1134 715 1218 καταμαθόντα,
743 1134 818 1212 τοῦς
836 1158 873 1201 σε
900 1132 1080 1220 διαβάλλειν
1097 1135 1297 1222 ἐπιχειροῦν-

216 1259 274 1311 τας
297 1233 340 1310 εἰς
361 1239 429 1300 κατ’
451 1234 533 1316 ἐμοῦ
555 1232 825 1316 συσκευαζόμενον
850 1232 977 1315 δόλους,
1005 1233 1049 1311 ῦς
1072 1231 1299 1322 ἰχθραίνοντας

179 1327 434 1415 ιοᾶπαθεῖσδαι,
454 1330 515 1417 ἐγώ
531 1333 567 1397 δέ
580 1332 772 1419 ἀπατηθεὶς,
793 1340 864 1408 τοίς
879 1333 942 1414 μίν
954 1330 1008 1397 διδ
1024 1333 1089 1398 τῶν
1108 1337 1173 1400 σοῖν
1192 1331 1293 1421 ἔργων

216 1430 413 1511 ἀποδείξεσιν
435 1425 474 1497 οῦ
491 1435 682 1518 προσέσχον,
708 1429 810 1515 λόγοις
829 1431 865 1497 δέ
880 1433 1108 1513 πεπλασμένοις
1124 1431 1210 1520 παρὰ
1229 1434 1293 1499 cois

214 1533 422 1618 συκοφαντῶν
434 1532 591 1611 πεισθείς,
610 1522 722 1616 ἤγειρα
740 1531 887 1613 πόλεμον,
909 1520 1006 1615 οῦσης
1022 1528 1153 1616 εἰρήνης.
1175 1531 1246 1598 susi
1259 1533 1296 1598 δέ

102 1683 104 1686 ,
215 1629 324 1710 αῦτοῑς
342 1626 447 1715 ἔργοις
463 1627 521 1713 την
538 1628 691 1711 ἀβουλῶν
712 1626 923 1711 καταμαθών,
942 1625 1081 1710 ἐμαυτόν
1097 1631 1167 1710 μέν,
1190 1624 1294 1716 ὥσπερ

214 1727 350 1808 δίκαιον,
364 1727 622 1812 καταμέμφομαι·
650 1727 703 1790 coi
718 1726 755 1791 di
777 1724 853 1801 τοῦς
873 1749 908 1790 τε
932 1722 1070 1811 τρόπους
1089 1724 1199 1812 circini
1220 1718 1297 1809 ῦντι,

175 1822 272 1889 absai
288 1823 347 1910 τὴν
367 1825 485 1905 sicini
501 1824 584 1888 atto
603 1825 658 1888 κατ’
672 1816 800 1889 εῦνοιαν
817 1821 889 1910 ἴσην
906 1825 1124 1909 διατηροῦντι,
1153 1819 1238 1901 ῦπας
1252 1826 1298 1920 εἰς

214 1920 342 2007 εἰρήνην
364 1925 400 1989 έκ
412 1923 552 2002 πολέμου
574 1917 671 1987 πόλιν
691 1921 730 1987 sd
754 1920 924 2008 πράγματα
947 1923 1024 2008 ἧμίν
1040 1918 1118 2014 ἥξει,
1136 1921 1297 2009 petisse·

211 2021 320 2102 Ὁμὲν
343 2015 402 2085 οῦν
416 2024 547 2087 τοιαῦτα
562 2015 641 2087 εἰπε.
661 2021 812 2104 βασιλεῦς
835 2021 905 2091 δίδ
923 2024 991 2099 νέος
1009 2019 1186 2108 ,μόριταὲ
1211 2017 1296 2089 εἶπεν

211 2117 377 2209 ,ὁμολογηῦ
394 2117 512 2197 πολλός
532 2121 578 2208 τῷ
596 2125 726 2203 βασιλεῖ
745 2125 809 2187 sois
830 2117 1062 2204 βασιλευόντων
1084 2124 1159 2212 θεῷ,
1188 2111 1367 2210 ῦτιτῇΡῶ

213 2210 325 2283 odiosi·
333 2216 522 2304 χρηστότητι
544 2219 742 2305 χρησόμενος
767 2218 823 2286 aas*
844 2224 920 2307 περὶ
943 2222 1017 2304 ipsi,
1053 2214 1122 2285 ods'
1144 2217 1242 2288 αῦτόν
1263 2246 1295 2289 τι

173 2318 295 2383 amnesi
315 2320 372 2383 τοῦ
390 2319 470 2401 ἐμοῦ
484 2320 594 2403 κυρίου
616 2321 672 2383 καί
690 2323 845 2402 βασιλέως
865 2313 1136 2406 ἢβουλεόσασθαι
1153 2322 1295 2408 συνεχοῦ-

213 2441 308 2504 ρησεν
323 2411 347 2504 ἢ
363 2420 497 2504 πριῖξαι,
517 2409 592 2483 οῦτε
607 2415 685 2495 τοῦς
705 2416 907 2505 συκοφάντας
920 2414 1121 2505 οἷνελέγυπους
1143 2414 1220 2508 ῦχρι
1241 2425 1294 2490 τέ-

213 2522 286 2594 λους
303 2520 471 2601 διατελεῖν,
502 2510 572 2582 ἀλλ’
594 2512 690 2584 aisis
706 2521 841 2602 βασιλέα
855 2515 1006 2606 μάρτυρα
1020 2517 1107 2603 ἔχειν
1122 2521 1291 2608 παρέσχεν,

217 2616 262 2693 ῦς
275 2609 341 2681 aie
359 2611 457 2694 αῦτός
479 2610 589 2700 ἀδικοῖ,
620 2608 692 2685 ait·
708 2616 740 2681 οἰ
756 2619 1026 2705 συκοφαντοῦντες
1049 2612 1175 2697 οἷδικέας
1196 2622 1296 2687 ένέλι-

217 2738 276 2780 πον
300 2713 452 2799 οδδεμίαν
476 2712 665 2803 ῦπερβολην.
699 2717 731 2782 εἰ
751 2717 790 2781 δ’
808 2715 826 2781 d
846 2713 996 2800 βασιλεῦς
1017 2715 1115 2796 odric
1138 2715 1202 2784 ῦπό
1230 2720 1296 2785 διε-

213 2867 434 2933 interimenda,
451 2865 678 2940 quemadmodum
698 2868 860 2938 oportebat,
876 2876 1109 2939 perseverassent,
1126 2868 1203 2921 nulia
1224 2868 1296 2921 inis*

211 2948 288 3003 sent,
305 2956 375 3011 quse
385 2947 480 3010 postca
500 2939 620 3010 piurima
636 2939 666 2991 in
679 2939 738 2992 vita
752 2937 895 3024 bominum
909 2954 1052 3009 perperam
1066 2940 1208 2991 commissa
1220 2946 1292 2991 sunt

211 3009 497 3145 ittiiiitiit‘,
510 3006 1291 3151 Primi?aiffii'iiiffisiiiiidssissai,iii

211 3151 259 3221 qui
280 3150 336 3204 init
354 3148 390 3201 ab
422 3149 495 3202 orbis
518 3148 668 3220 primordio
688 3156 782 3201 noster
807 3148 992 3214 adversarius,
1017 3147 1173 3212 adnitente,
1199 3151 1291 3202 omnia

210 3237 316 3273 sorsum
333 3237 365 3272 ac
378 3219 505 3273 deorsam
527 3219 653 3271 feruntur
672 3220 938 3291 permisceaturque:
967 3220 1049 3290 qaaie
1068 3219 1199 3291 quiddam
1216 3237 1290 3272 nono

211 3292 283 3344 etin
298 3291 379 3346 nobis
397 3290 560 3361 experimur.
596 3288 664 3340 Cum
690 3291 765 3341 enim
788 3289 943 3342 debuissem
966 3298 1044 3343 tuum
1061 3292 1089 3341 in
1108 3305 1151 3343 me
1168 3306 1289 3360 propen-

210 3379 269 3413 sum
284 3362 404 3414 animum
422 3376 493 3433 quae
532 3358 652 3411 eiilium
668 3358 749 3411 decet
759 3373 821 3429 erga
835 3367 940 3431 patrem
958 3362 1136 3412 reverentiam
1152 3377 1184 3412 ac
1203 3376 1289 3413 aene-

209 3433 343 3484 rationem
362 3431 477 3500 exipsis
504 3430 570 3482 actis
586 3431 641 3481 tuis
658 3427 806 3493 didicisse,
835 3430 1043 3483 calumniatores
1067 3431 1140 3504 apud
1158 3448 1202 3483 sae
1216 3438 1289 3496 tuos,

209 3502 287 3572 quasi
303 3501 444 3554 adversum
466 3517 510 3553 me
530 3499 608 3553 dolos
635 3498 838 3563 machinarere,
863 3506 895 3552 ut
917 3501 1043 3553 inimicos
1063 3502 1212 3571 repeiicoe3
1238 3517 1288 3568 ego

208 3573 443 3645 circumscriptus,
481 3570 691 3624 oemadmodum
707 3568 789 3621 rebus
807 3570 874 3654 ipsis
888 3579 917 3623 te
932 3568 1001 3622 mihi
1019 3570 1134 3640 probare
1151 3587 1288 3635 conarere,

207 3658 263 3695 non
287 3641 408 3694 attendi:
430 3590 480 3693 sed
503 3640 573 3693 fletis
592 3655 686 3692 eorum
710 3641 882 3694 sermonibus
906 3650 1138 3711 praeoccupatus,
1165 3644 1195 3693 in
1222 3658 1289 3710 pace

205 3711 311 3764 bellum
334 3713 460 3764 excitavi.
493 3712 551 3764 Iam
570 3727 659 3763 rerum
681 3710 851 3780 experientia
868 3712 1050 3764 temeritatem
1070 3719 1099 3763 ct
1121 3711 1289 3764 dementiam

205 3799 294 3835 meam
312 3793 491 3851 cognoscens,
510 3788 610 3834 memet
622 3781 682 3833 inse
698 3781 803 3834 incuso.
841 3781 905 3834 Tibi
919 3790 951 3833 ut
962 3782 1034 3833 bene
1045 3791 1160 3845 morato,
1177 3783 1287 3853 meique

206 3860 239 3904 ut
251 3860 331 3904 antea
345 3851 445 3923 cupido
461 3859 489 3904 et
500 3851 671 3916 observanti,
688 3852 800 3974 pulum
814 3850 848 3903 ab
867 3854 947 3904 armis
971 3851 1007 3903 ad
1029 3853 1116 3903 otium
1138 3851 1288 3915 redeamus,

207 3937 289 3973 eneae
306 3924 368 3979 erit.
403 3921 540 3974 Hactenus
553 3922 652 3973 senior.
711 3929 823 3990 tnepos
838 3922 868 3974 in
883 3921 956 3974 hune
972 3920 1097 3974 modum:
1117 3922 1223 3974 Gratias
1240 3924 1287 3974 in-

209 3998 304 4060 gentes
324 4009 372 4060 ago
397 4009 490 4061 regum
514 3991 570 4060 regi
589 3991 667 4055 Deo,
687 3990 762 4061 quod
782 3991 905 4045 bonitate
930 4009 980 4044 sua
1004 3993 1086 4044 etiam
1102 3993 1132 4043 in
1147 4009 1193 4044 me
1212 4010 1286 4054 usus,

206 4077 300 4130 neque
312 4062 387 4121 sirit,
404 4071 435 4113 ut
452 4063 510 4130 ipse
525 4063 667 4132 quippiam
685 4069 778 4113 contu
790 4061 929 4114 dominum
946 4078 1036 4113 meum
1049 4069 1078 4116 et
1094 4063 1286 4132 imperatorem

206 4132 252 4183 vei
273 4131 436 4201 cogitatione
454 4133 499 4185 vei
517 4133 624 4183 actione
645 4132 770 4197 molirer;
800 4148 891 4203 neque
913 4132 1108 4186 obtrectatores
1137 4149 1211 4184 meos
1228 4147 1286 4184 non

205 4200 318 4263 auden
332 4201 487 4273 redarguit:
509 4202 618 4280 quando
634 4203 722 4280 ipsum
736 4204 926 4277 imperatorem
947 4201 1016 4262 mibi
1031 4210 1128 4260 testem
1146 4201 1287 4280 apposuit,
