3000 4742
504 272 788 340 flls'romllttm
820 276 859 337 ιι.
890 278 921 342 o.
1186 242 1294 337 333.
1379 324 1386 337 .

190 424 329 508 ἑαυτοῖς,
358 425 546 506 δσνμπαδὲς
572 423 679 511 ἔκρινα
699 421 757 490 καί
774 424 894 502 δεινῶν
908 414 1071 508 ἄγνωμον,
1102 422 1132 489 εἴ
1145 422 1190 509 μή
1208 449 1267 488 τινι
1276 433 1413 493 nesano

191 519 289 614 ἄλλῳ,
309 530 349 610 τῇ
368 522 447 610 πρὸς
467 518 564 590 airis
583 528 659 608 γοῦν
684 522 835 611 ε’πιδημιήι
855 520 914 609 τήν
933 521 1101 610 συμφορὰν
1119 525 1164 599 είς
1196 520 1269 589 όσον

189 620 255 690 οἷόν
282 646 316 687 τε
347 622 549 708 ἐπικουφίσαι
586 620 641 687 καί
666 621 875 708 παραμυθίαν
902 630 1079 706 παρασχεῖν
1103 646 1192 703 τινα,
1222 616 1267 708 μή

187 727 346 798 παντελῶς
371 717 569 808 ιῖπερῥιφδαι
597 723 768 786 ἐλπίσαντα
806 717 892 806 παρὰ
922 722 988 786 τόν
1023 721 1141 807 φίλων.
1184 721 1266 806 γενό·

163 812 278 902 5μενος
306 821 342 886 δὲ
374 824 408 886 ἐν
433 824 476 908 τῷ
502 819 703 907 δεσμωτηρίῳ
729 817 810 905 πρός
838 814 952 901 osiris,
989 816 1046 885 καί
1074 816 1130 903 τήν
1158 843 1191 883 τε
1211 812 1357 892 όλ-Μοᾶ

184 925 242 1001 λην
261 917 398 984 κάκωσιν
423 921 480 1003 τήν
498 911 561 982 ἀπὸ
582 918 637 980 τοῦ
659 916 869 1002 δεσμωτηρίου
891 920 947 981 καί
970 914 1110 999 μάλιστα
1129 912 1186 1001 τήν
1206 911 1269 981 dud

182 1020 245 1081 τῶν
265 1018 377 1082 κλοιιόν
396 1011 556 1103 ἑωρακώς,
574 1015 683 1089 δεινῶς
700 1039 735 1080 τε
756 1006 877 1100 ήλγησα
897 1013 975 1100 ὑπὲρ
1005 1008 1105 1079 αότοῦ
1128 1013 1182 1079 καί
1208 1000 1269 1080 παῖ

183 1112 435 1199 ραμυδιόιντινιὶ
455 1107 571 1180 stoicis
590 1138 624 1179 τε
651 1114 738 1202 adegi
763 1109 994 1200 προόδομήθην
1021 1113 1175 1198 ἐξενρείν.
1214 1121 1274 1183 καί

182 1235 235 1274 σοι
255 1210 458 1298 προσελθων,
491 1216 566 1300 περί
584 1215 647 1278 τεόν
667 1216 780 1277 κλοιῶν
800 1210 930 1295 ἐδεόμην
949 1209 1073 1292 μόνων,
1108 1210 1266 1297 ἀρκοῦσαν

145 1307 354 1395 Ιοήγοόμενος
374 1306 454 1377 εἶναι
476 1311 519 1389 ὥς
539 1313 573 1378 ἒν
594 1314 705 1389 δεινοῖς
724 1309 953 1395 παραμυθνόιν.
973 1312 1043 1376 ἐπεί
1061 1311 1097 1374 δὲ
1117 1307 1265 1395 ἐγενόμην

184 1411 219 1474 ἒν
238 1409 389 1501 συνηθειήιι
408 1414 463 1477 καί
482 1413 605 1494 συχναῖς
619 1409 754 1496 ἐφοίτων
767 1407 846 1495 πρός
868 1405 976 1488 eritis,
991 1411 1104 1484 ἐκεῖνος
1119 1414 1179 1491 μὲν
1193 1411 1264 1476 οὐδ’

183 1502 267 1572 οότω
287 1508 367 1596 πρός
386 1512 442 1593 ἐμὲ
463 1509 603 1595 ἐμνήσθη
618 1512 681 1573 τῶν
702 1511 805 1573 κακῶν
824 1501 1016 1591 ιῖπαλλαγής,
1038 1508 1076 1573 οὔ
1095 1509 1191 1590 μόνον
1207 1508 1265 1595 τήν

181 1603 241 1689 σήν
259 1609 333 1693 περί
351 1605 387 1673 τό
408 1605 626 1691 συγγινώσκειν
643 1613 709 1682 τοῖς
727 1601 989 1691 προσκεκρουκόσι
1004 1609 1187 1692 φιλοτιμίαν
1206 1609 1264 1673 οὐκ

180 1704 281 1785 εἰδώς,
298 1699 388 1768 πόλλα
410 1705 464 1770 καί
482 1701 587 1793 ἑαυτῷ
607 1701 648 1769 τό
669 1702 834 1769 δεινότατοι
853 1702 1006 1781 συνειδώς
1025 1702 1083 1768 καί
1101 1702 1154 1769 διό
1172 1711 1289 1777 emron

142 1798 242 1884 ιότήν
262 1803 451 1888 παραίτησιν
471 1801 691 1889 ἀπαγορεύων.
717 1800 778 1885 ἐγώ
802 1805 832 1866 δ’
852 1799 902 1868 ἔτι
919 1805 1042 1885 μᾶλλον
1060 1806 1096 1869 ἐκ
1112 1804 1169 1888 τής
1188 1829 1264 1870 συν-

179 1901 291 1980 ηθείας
310 1898 577 1982 ἐπικαμπτόμενος
595 1897 753 1986 πρόςιτήκ
774 1899 875 1965 edroi
894 1900 1123 1986 κακοπραγίαν,
1156 1898 1264 1991 ᾠήθην

181 1997 247 2060 δεῖν
264 1991 325 2062 ἀπό
344 2022 379 2062 τε
398 2003 457 2062 τοῦ
477 1997 691 2086 δεσμωτηρίου
712 2000 759 2074 εἰς
786 2000 891 2085 ἕτερον
920 1997 1146 2086 ἐπιεικέστερον
1164 2024 1264 2082 μετα-

178 2106 284 2179 γαγεῖν
312 2096 369 2161 καί
391 2095 445 2183 τήν
472 2101 529 2183 τής
542 2093 672 2184 ’μητρός
700 2098 759 2164 καί
776 2095 923 2181 γυναικός
947 2101 1081 2164 καὶτῶν
1102 2098 1262 2186 φιλτάτων

176 2194 395 2281 ’συνδιαγωγήν
414 2196 502 2284 αὐτῷ
521 2200 643 2283 ἐφεῖναι
650 2246 660 2278 ,
694 2195 830 2279 νομίζων
851 2191 950 2272 οότως
969 2190 1009 2262 ils
1027 2195 1105 2281 ἦμῖν
1123 2221 1159 2261 τε
1180 2192 1261 2263 εἶναι

136 2288 356 2375 αοόσφόλειαν
376 2297 433 2358 τοῦ
450 2292 496 2378 μή
517 2321 549 2359 τι
568 2292 831 2377 ἐπιβουλεύεσθαι
850 2297 923 2380 παρ’
944 2294 1061 2376 adseri,
1093 2299 1148 2360 καί
1167 2295 1261 2362 αὐτόν

176 2389 269 2453 οὐδὲν
288 2381 382 2474 ήττον
401 2384 469 2474 ἢεί
485 2392 666 2458 παντάπασι
682 2396 740 2457 τοῦ
755 2393 1138 2476 impresentiarum,
1157 2392 1257 2479 ήδὲως

174 2485 347 2568 βιώσεσθαι
368 2489 423 2553 καί
440 2485 628 2571 α’νειμένως.
652 2494 744 2557 τοῦτο
764 2492 824 2573 μὲν
844 2484 903 2556 οὖν
924 2491 1058 2575 αἰτήσας
1077 2488 1165 2578 παρὰ
1187 2496 1256 2575 σοῦ,

175 2582 295 2669 ἔπραξα
314 2587 418 2677 adipi·
452 2587 530 2674 ἠδὲ
548 2588 650 2675 μήτηρ
671 2594 732 2672 μὲν
753 2584 871 2670 αὐτοῦ,
904 2589 978 2655 θεία
1007 2593 1042 2655 δὲ
1063 2588 1143 2679 ε’μή,
1177 2586 1254 2675 ὅπερ

176 2678 244 2747 οὐδ’
265 2677 305 2751 όν
323 2709 395 2755 ποτε
416 2679 545 2773 ἤλπισεν
565 2686 672 2775 δρῶσα
692 2690 892 2774 γεγενημένον
899 2739 910 2772 ,
930 2688 1106 2756 καὶταῦτα
1125 2689 1178 2754 ὑπ’
1199 2685 1255 2751 osi-

174 2888 229 2923 non
248 2871 325 2923 adito
344 2872 439 2926 saltem
458 2879 487 2925 et
505 2872 688 2926 collocutione
705 2873 764 2924 eius
783 2888 936 2925 aerumnam
956 2873 1126 2945 aliquantum
1138 2873 1253 2925 allevare

172 2949 202 2993 et
219 2942 401 2994 consolatione
418 2943 510 3014 aliqua
527 2944 654 2994 miserum
679 2941 813 3004 delinire,
838 2944 861 2993 si
878 2941 954 2994 aliud
972 2960 1027 2994 non
1048 2945 1159 3006 liceret;
1187 2960 1252 3011 spc-

172 3020 276 3063 rantem
303 3013 359 3075 ita,
390 3029 419 3064 se
440 3030 497 3064 non
524 3014 634 3082 penitus
658 3020 843 3080 contemptum
870 3011 905 3064 ab
933 3014 1027 3083 amicis
1054 3022 1082 3066 et
1106 3011 1251 3065 abiectum.

172 3082 239 3133 Com
258 3082 387 3133 venissem
405 3092 495 3135 rotem
515 3082 544 3133 in
562 3098 695 3134 carcerem
713 3080 894 3150 vidissemque
918 3091 1086 3151 quantopere
1111 3098 1171 3131 cum
1190 3083 1249 3150 ipso

171 3151 231 3203 loco
258 3168 387 3221 perquam
404 3151 531 3214 horrido,
557 3160 615 3203 tum
633 3152 749 3204 vinculis
768 3152 838 3201 collo
855 3151 965 3203 iniectis
983 3153 1163 3222 affligeretur,
1192 3152 1249 3207 eius

171 3225 257 3273 vicem
272 3222 359 3274 etiam
377 3230 460 3291 atque
479 3223 559 3272 etiam
579 3221 655 3275 dolui
671 3229 699 3273 et
718 3220 843 3272 solatium
861 3221 902 3283 ei,
926 3221 949 3273 si
987 3221 1041 3274 uod
1060 3237 1179 3289 possem,
1198 3222 1250 3271 irn-

169 3295 271 3361 pertirc
293 3290 399 3344 studui:
420 3301 502 3361 teque
521 3289 634 3353 adiens,
660 3289 695 3342 de
711 3291 826 3342 vinculis
845 3297 950 3343 tantum
967 3241 1142 3344 detrahendis
1161 3292 1247 3343 oravi:

170 3361 243 3432 qnod
265 3364 293 3414 in
312 3361 356 3414 his
372 3356 452 3415 malis
469 3360 521 3414 hoc
537 3361 719 3414 levamentum
737 3361 863 3413 sufficere
876 3361 1035 3414 arbitrabor.
1072 3361 1125 3413 Ubi
1145 3361 1249 3412 crebri-

171 3451 201 3483 us
219 3432 253 3484 ad
274 3448 335 3484 enm
353 3434 509 3496 ventitans,
537 3431 697 3482 familiarius
717 3447 796 3499 agere
820 3430 916 3499 coepi,
944 3432 992 3485 ille
1016 3448 1051 3485 ne
1076 3431 1247 3502 sicquidem

170 3501 339 3554 liberationis
357 3503 524 3554 mentionem
540 3499 613 3571 epod
630 3518 673 3552 me
690 3501 799 3566 intulit3
817 3518 872 3553 non
890 3500 977 3552 solum
995 3509 1057 3553 tuae
1075 3501 1109 3553 ad
1126 3503 1246 3553 inimicis

168 3572 359 3640 ignoscendum
376 3573 507 3625 incitatae
524 3572 673 3623 volontatis
690 3573 811 3632 nescius,
830 3570 879 3622 sed
896 3572 977 3622 etiam
994 3572 1047 3623 sibi
1064 3571 1245 3623 nefandorum

169 3640 317 3692 facinorum
333 3644 472 3706 conscius,
501 3640 537 3695 ob
555 3658 625 3712 quae
646 3644 768 3693 effectum
787 3640 984 3710 deprecationis
1005 3639 1173 3711 desperabat
1207 3642 1244 3691 At

92 3742 97 3747 -
168 3727 217 3777 ego
236 3727 270 3761 ex
287 3711 335 3764 illa
352 3712 549 3765 consuetudine
567 3711 649 3781 magis
667 3718 767 3763 sortem
785 3708 1072 3771 hominismiseratus,
1103 3706 1131 3761 in
1151 3726 1242 3762 carce-

169 3797 224 3831 rem
243 3782 377 3832 mitiorem
396 3776 631 3843 transferendum,
655 3783 763 3844 matris,
790 3781 882 3833 rixeris
900 3781 1151 3851 carissimorumque
1169 3780 1242 3831 libc-

168 3867 258 3901 rorom
278 3853 429 3903 convictum
447 3853 472 3903 ei
490 3850 703 3923 permittendum
722 3851 886 3904 existimavi:
913 3858 1005 3913 ratus,
1029 3868 1079 3901 nos
1101 3849 1181 3900 etiam
1201 3851 1241 3901 sic

168 3919 202 3970 ab
221 3922 278 3971 eius
293 3920 400 3972 insidiis
418 3931 490 3975 tutos
508 3923 567 3974 fore
586 3924 728 3991 ipsumque
745 3921 860 3990 perinde
875 3938 906 3975 ao
925 3923 948 3971 si
967 3917 1091 3973 custodia
1109 3923 1183 3971 ornni
1203 3921 1241 3971 li-

168 3990 218 4041 ber
239 3998 326 4053 essel,
349 3991 431 4043 vitam
456 3992 589 4061 placidam
615 4000 644 4044 et
670 3990 815 4043 iucundam
839 3991 980 4041 victurum.
1019 3989 1077 4040 Hoc
1096 3990 1179 4058 igitur
1196 3991 1239 4041 illi

166 4059 292 4181 precibus
316 4059 390 4131 apud
408 4069 435 4111 te
455 4064 520 4114 meis
540 4062 690 4131 impetravi.
727 4056 778 4113 Hie
797 4066 882 4111 mater
899 4060 956 4110 eius
975 4060 1124 4128 eademque
1143 4076 1240 4111 conso-

187 4131 247 4184 rino
263 4146 322 4182 mea
337 4131 438 4183 iactum
455 4131 567 4195 videns,
586 4130 660 4203 quod
682 4146 822 4201 nunqnam
836 4130 1011 4200 speravisset,
1037 4128 1120 4201 idque
1132 4141 1181 4199 per
1194 4145 1239 4180 me
