3000 4742
428 277 682 347 HPLANb'l'lO
714 279 986 350 DlGNlTbTUM·
1125 290 1249 359 anll

161 427 1250 526 Acprimumqm'demcaesarfiiitsecrmdusabimpemtooe(utbodia

160 548 211 590 rex
224 528 431 586 Romanorum
444 533 489 584 est
502 525 535 584 in
549 522 696 584 occidenti
710 525 847 605 imperio)
864 534 894 585 et
906 525 1038 586 obtinuit
1052 525 1111 587 boo
1126 527 1166 589 ad
1180 530 1250 592 Ale·

160 612 242 671 rium
257 609 446 671 Comnenum
458 626 566 689 usque:
587 616 691 689 postea
705 606 929 683 Sebastocrator
945 608 1096 671 secimdus
1109 622 1155 671 est
1169 610 1251 674 habi·

158 703 220 769 tus,
236 703 267 753 et
282 692 393 753 Caesar
405 692 511 751 tertius
526 710 590 750 esse
604 691 721 773 coepit,
736 709 808 752 cum
822 688 946 752 Alexius
961 691 1134 753 Comnenus
1149 694 1253 757 isaaci·

160 795 214 836 um
227 773 352 836 lintrem
364 773 605 834 Sebastocrutora
618 773 748 853 diceret3
776 783 882 835 auctor
905 776 1049 837 Zonaras.
1091 776 1253 841 Postremo

160 858 300 940 despotes
326 860 390 919 sive
404 856 544 918 dominus
557 856 597 919 ab
610 859 791 939 imperatore
801 856 949 919 secundm
962 869 1007 920 est
1020 858 1128 939 fectus,
1143 880 1254 945 nempe

160 940 286 1002 Alesios
298 939 513 1024 Palaeologus,
528 940 694 1002 cumidem
708 940 881 1003 Comnenus
895 940 963 1003 tiliis
977 943 1111 1004 maribus
1125 964 1251 1025 carens,

161 1022 281 1087 irenem
302 1023 395 1087 liliam
415 1044 502 1085 suam
520 1025 752 1107 primogenitam
766 1022 874 1085 Alexio
894 1024 966 1086 buic
994 1025 1154 1108 despondit
1172 1049 1254 1089 cum·

162 1129 222 1190 que
235 1105 323 1169 ticio
337 1106 492 1190 despotse,
513 1107 545 1168 id
560 1117 616 1187 est,
637 1107 766 1188 domiui,
779 1109 911 1185 ornavit,
932 1107 1070 1172 futurum
1082 1131 1191 1193 nempe
1203 1111 1253 1173 be

163 1189 265 1252 redem
278 1193 410 1273 imperii,
431 1193 490 1252 nisi
503 1202 600 1252 morte
613 1190 748 1254 sublatus
763 1201 853 1268 esset,
873 1201 950 1252 teste
964 1193 1098 1276 Gregora
1110 1191 1166 1255 lib.
1183 1196 1212 1257 ὅ.

248 1267 505 1356 Πρωτοψάλτης,
515 1274 670 1357 Princeps
683 1295 739 1336 reu
751 1274 874 1359 primus
889 1274 1103 1356 psallentium.
1151 1276 1254 1347 Eccle-

164 1354 315 1417 siastirum
327 1377 439 1418 nomen
458 1366 519 1439 est,
540 1357 579 1421 de
593 1357 674 1421 clero
685 1356 802 1443 palatii.
843 1355 985 1422 Forsitan
1006 1362 1148 1442 magister
1167 1359 1254 1423 chori

165 1449 218 1501 aut
230 1439 328 1501 simile
343 1441 501 1523 quiddam.

243 1522 443 1601 Δομὲστικοι,
454 1523 638 1586 Domestici.
654 1523 691 1586 In
701 1525 768 1587 iure
780 1520 970 1606 appellantur
981 1521 1136 1587 domestici
1146 1544 1252 1589 omnes

163 1603 313 1667 adiutores
344 1609 408 1668 sive
439 1605 607 1668 administri
626 1604 758 1690 legitime
775 1609 905 1668 instituti
924 1628 943 1667 a
957 1608 1043 1668 iustis
1066 1608 1254 1672 functionum

162 1688 349 1771 principibus
371 1690 404 1749 in
418 1687 542 1770 palatio,
566 1698 619 1749 aut
631 1691 664 1749 in
679 1689 759 1766 loro,
778 1700 832 1749 aut
844 1691 877 1749 in
891 1687 1026 1749 ecclesia.
1077 1691 1114 1753 In
1128 1692 1253 1774 palatio,

162 1781 347 1853 utmagnus
368 1771 563 1848 domesticus,
585 1769 767 1833 domesticus
787 1786 921 1849 mensae,
943 1768 1124 1834 domesticus
1143 1774 1256 1837 schola·

162 1874 246 1931 rum,
269 1854 451 1914 domesticus
465 1870 633 1929 murorum,
649 1851 829 1914 domesticus
850 1854 1009 1935 regionum
1026 1861 1085 1914 etc.
1127 1854 1163 1916 ln
1177 1857 1254 1938 lom,

162 1946 201 1996 ut
213 1935 369 1999 domestici
382 1933 704 2013 iudicum,administ1i.
719 1934 756 1996 In
769 1933 905 2015 ccclesia,
917 1945 953 1995 ut
963 1933 1144 1998 domesticus
1158 1938 1255 2019 chori,

162 2019 346 2080 domesticus
359 2021 517 2079 ianuarum
531 2028 601 2096 etc,
622 2036 753 2100 quorum
765 2020 903 2081 omnium
917 2016 1031 2079 functio
1044 2016 1256 2098 δομεοτιᾶειον

163 2103 228 2163 sive
243 2098 450 2178 dopaecrlmos,
465 2100 567 2174 idest,
583 2099 807 2179 domesticatus,
828 2099 908 2162 dicta
922 2110 979 2161 est.

241 2174 534 2267 Ῥαιφερενδάριος,
553 2181 816 2265 Referendcrius.
858 2181 1084 2245 Ecclesiasticus
1101 2182 1254 2268 dignitatis

164 2286 288 2348 nomen,
304 2267 412 2327 Latine
424 2264 558 2349 Relator,
573 2269 626 2352 qui
640 2264 787 2350 allegam
801 2263 841 2327 ad
854 2267 1065 2350 imperatorem
1079 2278 1110 2331 et
1120 2270 1254 2331 sacerdo

35 2346 36 2355 ’
163 2360 227 2412 tem
240 2353 417 2413 maximum.

252 2428 578 2515 Πανυπερσὲβαστος,
598 2432 846 2516 Angustissimus
863 2430 1011 2500 omnium.
1063 2428 1116 2495 Ab
1141 2428 1249 2497 Alexio

164 2520 322 2581 comneno
336 2517 442 2578 titulus
454 2520 611 2601 inventus,
626 2529 662 2579 ut
675 2515 817 2579 Michaeli
832 2517 994 2577 Taronitae
1016 2516 1252 2598 gratificaretur,

165 2601 247 2685 quod
260 2598 365 2662 scribit
376 2601 509 2662 Zonaras
522 2612 606 2662 tomo
621 2602 652 2663 3.
668 2600 725 2661 sub
739 2601 841 2661 finem.
864 2599 1007 2682 Superior
1021 2609 1086 2659 erat
1098 2601 1251 2682 omnibus,

165 2680 1197 2848 etiamlqpsuqrpqqqqpqsppppp,ffigppeppqqurppgnphqpppequflqqffi
1209 2768 1252 2827 sic

165 2848 355 2917 describitur.
398 2848 589 2911 decendente
612 2851 704 2932 igitur
718 2850 915 2930 imperatore,
936 2857 972 2906 ut
986 2844 1170 2909 declaratum
1183 2861 1228 2908 est
1243 2890 1253 2925 ,

165 2932 401 3011 adoratorium,
425 2932 696 3010 Piutovestiaaius,
723 2933 776 3015 qui
797 2928 941 3012 pilaticla,
962 2950 1040 3010 quae
1064 2932 1253 3028 imperatoris

163 3027 355 3101 prospectum
368 3017 531 3098 obtegunt,
553 3026 606 3077 aut
626 3026 743 3099 sceptra
765 3011 920 3073 iudicialis
939 3022 1033 3089 tenet,
1054 3021 1090 3071 ut
1102 3033 1137 3073 m
1159 3012 1255 3072 altum

165 3100 310 3161 subvecta
323 3111 405 3177 sunt,
426 3100 528 3161 dextra
541 3118 634 3161 manu
647 3118 703 3161 sua
715 3095 846 3159 edacem
859 3115 915 3173 ea,
938 3112 955 3153 e
967 3093 1113 3176 protbyru
1123 3095 1253 3157 ostendit

164 3182 297 3268 populo,
318 3182 525 3245 demonstrans
537 3181 595 3243 boc
609 3185 713 3265 signo,
738 3177 905 3241 ascendisse
919 3179 1130 3259 imperatorem
1142 3181 1175 3239 in
1189 3200 1253 3239 ora·

164 3269 288 3328 torium.
341 3266 400 3327 Hic
413 3276 514 3326 autem
535 3267 568 3325 in
582 3262 726 3341 oratorio,
747 3265 772 3323 si
791 3263 952 3342 imperator
974 3272 1027 3322 aut
1045 3282 1134 3323 suum
1157 3262 1251 3344 ipsius

165 3360 291 3412 stemma
316 3358 370 3411 aut
390 3346 514 3431 aliquod
527 3346 609 3408 aliud
623 3362 775 3430 gestamen
789 3365 876 3405 suum
890 3353 1057 3425 gestaturus
1076 3357 1133 3424 est,
1147 3346 1253 3405 Proto-

166 3436 336 3511 vestiarius,
357 3436 481 3514 iuquam
491 3474 502 3511 ,
523 3433 614 3493 sumit
635 3430 711 3492 1llud
725 3451 744 3490 a
763 3428 907 3490 ministris
926 3426 1057 3488 rucban'i
1079 3438 1109 3488 et
1127 3431 1252 3511 impera·

165 3519 226 3577 tori
249 3517 351 3579 uadit:
374 3537 472 3599 neque
486 3514 518 3575 id
532 3514 630 3576 solum
643 3517 675 3574 in
697 3525 833 3595 ternpore
857 3510 1002 3571 eiusmodi
1021 3511 1164 3571 festomm
1186 3512 1251 3571 die·

164 3621 255 3676 rum,
275 3620 381 3661 verum
400 3602 490 3660 edam
511 3616 629 3681 semper
645 3598 687 3658 ita
704 3596 786 3657 facit.
829 3593 865 3654 ld
885 3613 958 3654 vero
979 3595 1069 3654 etiam
1093 3596 1252 3676 proprium

165 3694 198 3744 et
217 3682 366 3765 singulme
387 3681 498 3761 habet,
529 3681 611 3765 quod
635 3682 661 3741 si
683 3679 756 3764 quid
782 3676 914 3739 ebenum
933 3676 1055 3754 viderit,
1075 3688 1128 3737 aut
1140 3677 1251 3757 lutum,

163 3777 219 3827 aut
236 3767 310 3848 quid
326 3765 410 3827 aliud
431 3766 471 3827 ad
483 3764 670 3847 imperatoris
687 3772 814 3837 vestem,
835 3760 987 3841 deponens
1011 3758 1063 3821 ille
1089 3760 1253 3820 umbellam

40 3894 44 3903 .
166 3859 221 3909 aut
243 3860 363 3932 tegmen
381 3852 486 3933 capitis
506 3851 574 3925 sui,
597 3857 714 3907 extenta
739 3863 832 3906 manu
851 3842 952 3918 tollit,
974 3853 1027 3903 aut
1046 3853 1155 3926 purgat
1177 3840 1254 3903 illud

168 3952 231 3993 non
248 3944 381 4016 rogabis.
421 3934 467 3993 Ex
487 3924 629 3993 omniblis
645 3928 803 4026 veronaliis
840 3926 1005 4023 riucipibus
1018 3947 1108 4024 pemo
1126 3928 1255 3989 auctori·

167 4024 261 4076 tatem
278 4015 371 4078 habet
390 4015 519 4078 faciendi
542 4016 631 4091 istuc,
651 4013 705 4074 sed
722 4012 776 4072 ille
788 3948 881 4072 solus.
897 4092 904 4106 ⁹
923 4009 1073 4070 Pilatzcra
1087 4021 1132 4071 est
1150 4022 1255 4090 opusc

100 4168 106 4173 ,
167 4117 237 4158 mar
289 4101 337 4161 ‘tis
354 4118 426 4161 cum
440 4098 570 4177 fimbria,
585 4102 618 4158 in
632 4094 852 4178 longitudinem
863 4110 963 4152 minus
981 4091 1143 4173 epithema,
1164 4096 1197 4151 in
1216 4089 1256 4148 lu·

167 4118 298 4241 titudiad¹
342 4194 442 4245 autem
460 4181 574 4266 pulmo,
588 4202 666 4265 quae
675 4199 727 4241 rex
740 4176 901 4241 Medorum
915 4176 1050 4260 gestabat
1061 4175 1257 4256 similiterque

251 4279 470 4341 cresceremus.
1047 4290 1062 4326 e
