3000 4742
239 289 362 360 miv
673 286 700 347 1.
734 272 914 348 Poteram

239 448 366 524 iudicas,
384 438 641 529 quemadmodum
655 438 730 503 olim
748 440 840 502 duces
858 440 1003 501 exercitus
1028 437 1183 522 gestabant
1195 450 1330 526 torques,

237 534 387 598 honorem
415 529 551 610 ipsorum
575 524 826 586 demonstrantes.
869 516 906 583 τὸ
919 519 1039 607 ῥοϋχον
1055 544 1195 605 suprema
1219 529 1329 607 vestis,

240 616 354 700 species
373 613 465 675 vestis
484 609 678 671 eGermauia
688 619 863 691 apportata,
883 606 966 667 unde
980 609 1194 668 Germanicum
1217 630 1331 672 nomeu

240 699 385 772 retinuit,
418 693 511 755 Roek.
550 694 630 753 ilinc
659 687 847 775 ῥουχαρεῖον
869 691 1044 773 vestiarium
1064 690 1186 773 speciali
1208 695 1333 754 nomine

241 776 455 861 sCuropalata
471 775 652 859 appellatur,
673 778 745 858 quia
765 774 854 835 latius
868 784 952 857 patet
971 795 1083 835 nomeu
1100 776 1233 835 vestiarii
1251 776 1334 859 apud

240 865 422 928 recentiores
447 861 590 921 Graecos.
632 859 924 935 Protovestiurius,
953 868 989 918 ut
1008 877 1131 940 agamus
1150 857 1333 938 dilucidius,

200 966 203 973 ·

355 1072 365 1091 ”
1137 1068 1147 1104 7

243 1135 295 1176 cos
313 1134 375 1174 uon
385 1110 525 1195 vulgares
537 1108 730 1195 gerebantur,
751 1121 786 1171 ut
799 1111 830 1169 in
843 1110 1000 1191 Lecapeno
1022 1120 1052 1170 et
1066 1111 1168 1170 Leone
1180 1107 1281 1170 Basilii
1293 1110 1333 1176 F:

242 1196 371 1259 Credeni
387 1195 491 1257 videre
509 1206 566 1258 est.
608 1194 645 1255 ln
660 1194 857 1255 Constantino
886 1193 1023 1254 Romano
1051 1192 1089 1253 F.
1109 1194 1333 1274 protovestiani

243 1281 373 1363 dignitas
389 1281 525 1362 proxima
545 1299 564 1340 a
585 1276 748 1340 domestico
778 1275 951 1340 scholarum
972 1287 1003 1337 et
1025 1274 1210 1354 sectibitore,
1234 1275 1335 1358 higlac

243 1363 420 1447 drungario,
433 1365 570 1445 superior
582 1361 762 1422 ostenditur.
805 1361 924 1438 Inveni,
946 1360 999 1442 qui
1019 1359 1176 1440 scriberet,
1191 1359 1336 1419 Pmtove·

244 1448 381 1508 marium
405 1445 495 1506 suisse
507 1445 727 1507 thesaurarium
750 1466 804 1506 seu
817 1443 959 1505 thesauro
977 1441 1174 1524 pluefectum,
1195 1444 1267 1524 quin
1281 1443 1335 1519 ds·

244 1526 386 1609 ortdptov
399 1530 547 1590 ausuum
557 1539 683 1590 vocetur
711 1548 765 1590 seu
787 1528 920 1589 thesauri
933 1527 1157 1608 repositorium,
1177 1528 1334 1601 ταμιεῖον.

246 1611 350 1755 ἓιιοά1
366 1632 422 1710 epo
453 1611 577 1695 quidem
603 1613 636 1673 iu
661 1610 764 1694 aliquo
793 1609 844 1673 vet
869 1620 993 1672 auctore
1019 1607 1069 1670 vel
1094 1607 1239 1692 glussario
1262 1612 1338 1669 non'-

269 1715 321 1759 um
398 1743 407 1760 .

328 1715 563 1857 Δΐαιοφόλαξ,
584 1774 779 1855 adverbum,
802 1775 914 1849 Custos
939 1773 1041 1856 legum
1061 1785 1092 1835 et
1112 1775 1206 1854 iuris,
1221 1772 1261 1835 de
1274 1796 1336 1859 qun

245 1862 421 1943 magistratu
434 1857 511 1918 nihil
523 1856 615 1919 hahet
629 1859 822 1940 Curopalata.

334 1930 576 2021 Λογαριάπης,
597 1938 807 2018 Logariastes.
849 1939 1084 2023 ACurnpalata
1111 1940 1254 2019 additur,
1282 1938 1338 2022 τῆς

248 2018 369 2104 adisis,
390 2021 477 2087 aulae
503 2040 558 2082 seu
588 2021 704 2104 palatii.
747 2024 890 2085 Rationes
913 2025 970 2082 init
989 2024 1337 2119 omnium-stipendiata

246 2101 1338 2271 llsttrttltttittttitttllrltsl'pt‘ltitttztt?

247 2281 279 2330 et
299 2263 490 2353 φροντιστὴς
506 2265 561 2329 καὶ
574 2268 728 2351 λογωτής.
778 2270 890 2333 Valere
903 2282 1011 2353 putant
1031 2269 1132 2348 idem,
1153 2270 1237 2352 quod
1251 2290 1338 2353 quae·

248 2363 311 2413 stor
332 2362 384 2413 aut
410 2363 547 2433 receptor
569 2354 735 2435 generalis,
766 2365 819 2416 aut
838 2356 922 2438 quod
936 2355 1094 2415 Genuanis
1108 2363 1153 2415 est
1172 2354 1338 2415 Kammer·

251 2436 392 2517 meister.
433 2435 510 2496 Inda
523 2432 639 2497 clarum
654 2439 721 2519 quis
734 2434 1032 2520 μεγαλογαριάστης.

327 2512 611 2599 Ἀποκρισιᾰριος,
640 2521 894 2602 Apocrisiarius.
935 2520 985 2580 Sic
1007 2517 1211 2580 iurisconsulti
1231 2520 1339 2580 Gracci

248 2619 319 2661 eum
339 2603 516 2681 nominant,
537 2604 590 2683 qui
606 2600 804 2684 legationibus
818 2601 975 2665 audiendis
995 2601 1217 2685 referendisque
1235 2602 1274 2663 ad
1287 2604 1340 2663 im·

248 2693 417 2766 perstarem
439 2695 491 2755 et<
575 2687 637 2745 nsis
657 2685 697 2747 ab
716 2706 752 2746 eo
773 2686 880 2748 dandis
897 2688 1076 2749 constitutus
1095 2695 1152 2746 est.

331 2704 575 2849 Χαρτοφύῗὲ
584 2766 767 2850 Praefectus
780 2767 914 2830 Chartt‘s.
937 2770 998 2847 Qui
1013 2767 1132 2829 tabulas
1148 2766 1239 2829 habet
1258 2766 1341 2830 char·

250 2854 363 2926 taceus,
385 2848 504 2913 adiuro
521 2846 662 2910 ecclesiae
677 2853 873 2933 pertinentes,
895 2851 1069 2914 chartarum
1080 2861 1207 2929 eustos,·
1215 2853 1267 2933 qni
1282 2852 1341 2932 pri-

249 2929 359 3013 vilegin
379 2942 410 2993 et
428 2932 538 2993 similia
563 2945 716 3013 asservat,
737 2934 903 3016 praefectus
928 2938 1120 3013 scriniorum,
1149 2934 1237 2994 iudex
1259 2935 1340 2994 idem

247 3032 410 3076 causarum
424 3015 691 3077 ecclesiasticarum
716 3028 746 3078 et
771 3021 981 3100 quaestionum
1000 3017 1276 3094 matrimonialium,
1291 3017 1342 3077 de·

250 3095 352 3159 fensor
377 3101 410 3159 in
434 3097 612 3160 clericomm
632 3103 764 3175 caussis,
793 3098 888 3163 veluti
909 3122 1016 3163 manus
1041 3103 1150 3163 summi
1177 3101 1340 3163 sacerdotis

249 3177 363 3240 dextra.
413 3179 603 3260 Ηίηομέγας
615 3178 835 3267 χαρτοφὺλαξ.
1425 3184 1427 3189 ’

333 3259 523 3341 Δομέστικος
552 3262 608 3343 τῆς
633 3262 810 3350 τραπέζης,
852 3266 1009 3353 Βαρξίον,
1038 3278 1090 3330 ant
1109 3265 1207 3328 simile
1226 3264 1342 3326 hahens

249 3340 394 3422 officium,
414 3356 450 3406 ut
462 3346 609 3429 suspicor.

335 3426 571 3510 Δρουγγάριος,
601 3429 809 3511 brengarius.
852 3428 1099 3515 Δρονγγάςζεειι
1122 3425 1269 3514 δρουγγός
1285 3433 1341 3493 ori-

252 3509 351 3570 entale
371 3531 495 3590 nomen,
516 3521 636 3573 coetum
655 3513 813 3576 hominurn
827 3536 889 3576 nna
909 3519 1142 3577 commeantium
1159 3515 1340 3597 significans,

253 3603 284 3652 et
297 3603 400 3655 coetus
427 3593 508 3655 illius
534 3598 672 3677 princeps
700 3609 825 3660 vocatur
845 3600 969 3680 Dargon
991 3597 1041 3659 vel
1070 3601 1208 3680 Dorgon,
1224 3620 1259 3658 cx
1279 3616 1341 3681 quo

252 3675 454 3759 Drangaiius,
481 3680 560 3740 facta
585 3679 736 3761 epenthesi
764 3680 822 3741 τοῦ
841 3701 860 3739 ν
879 3702 936 3765 pro
956 3700 976 3760 γ
996 3684 1158 3764 geminato.
1208 3682 1342 3759 Quidam

251 3770 361 3820 vocant
373 3761 530 3823 tribunum
543 3761 686 3823 militum.
729 3766 874 3846 Druugus
893 3764 1017 3847 globum
1035 3766 1193 3847 significat,
1215 3766 1342 3824 aitTur

252 3842 348 3905 nebus
373 3842 452 3905 libro
470 3847 614 3928 vigesimo
632 3858 740 3928 quarto
762 3851 860 3930 capite
875 3850 1019 3931 vigesima
1041 3852 1157 3930 quinto.
1191 3848 1341 3930 Vopiscus
1449 3866 1455 3879 ·

250 3925 283 3985 in
306 3925 433 3989 Probo:
463 3928 677 4011 Triumphauit
695 3930 734 3991 de
752 3932 909 3994 Germanis
924 3943 954 3993 ct
967 3931 1101 4012 Blemiis,
1122 3934 1258 3992 omniurn
1274 3952 1342 4013 gen·

250 4010 329 4069 tium
350 4010 500 4094 drungos,
521 4034 617 4094 usque
632 4014 671 4074 ad
685 4018 896 4096 ‹pringcnarins
919 4015 1056 4076 homines
1070 4026 1140 4078 ante
1153 4015 1341 4097 triumphum

249 4090 347 4153 duxit.
389 4094 531 4177 vegetius
556 4095 635 4157 libro
656 4100 747 4159 tertio
769 4100 867 4181 capite
880 4100 997 4160 docimo
1012 4110 1105 4160 sexto:
1156 4099 1239 4160 Scire
1252 4099 1341 4159 debut

249 4172 310 4237 dur
328 4175 474 4260 hostium
495 4189 601 4242 conus
630 4200 706 4266 quos
723 4180 856 4266 dnmgos
878 4183 966 4266 (mala
979 4185 1123 4267 scriptum
1144 4181 1266 4262 dsunod
1280 4182 1338 4243 hoc
