3000 4742
612 235 855 305 amerino.
1215 245 1268 307 XV

198 376 369 479 numerent
392 408 518 493 (agebat
547 409 628 473 enim
655 408 784 473 loannes
805 428 920 471 annum
944 426 1007 471 am
1029 407 1100 492 plus
1120 408 1268 475 decimum

195 512 345 595 quintum)
367 520 471 594 postea
485 530 518 570 se
531 505 677 593 collegam
690 512 835 593 patiatur.
878 506 977 569 Huius
995 510 1085 591 spatii
1107 512 1158 573 vix
1180 512 1268 573 dimi-

191 612 273 672 dium
288 610 408 671 videtur
422 605 606 693 explevisse,
632 630 736 671 rerum
750 608 841 670 huius
855 607 961 669 mundi
989 619 1020 671 et
1046 609 1192 672 adversae
1206 632 1270 673 sor·

189 712 227 795 tis
248 722 410 772 renovatae
432 710 564 795 quodam
584 710 697 775 taedio.
743 710 831 790 Quae
853 711 920 792 ipso
938 710 999 771 iam
1020 709 1169 773 monacho
1191 713 1271 775 inte

188 810 402 895 Pelacologum
433 822 464 872 et
488 809 676 873 llIntthneum
699 820 803 887 secuta
826 819 918 889 sunt,
938 808 1069 889 forsitan¹
1086 811 1196 890 unius,
1217 823 1272 875 aot

189 910 320 973 duorum
334 933 482 973 annorum
496 912 636 973 luerunt=
657 932 731 972 nam
744 913 778 972 in
788 909 836 972 his
849 908 931 997 quod
943 930 1001 992 pro
1013 920 1096 971 certo
1110 907 1272 992 affirmem,

188 1030 250 1072 non
263 1011 373 1073 habeo.
427 1010 492 1075 Hac
507 1014 624 1073 ratione
638 1009 823 1095 colliguntur
836 1010 909 1073 anni
924 1009 1066 1072 historiae
1079 1009 1170 1073 hidas
1184 1013 1273 1073 circi·

188 1121 236 1171 ter
248 1113 372 1194 triginta
385 1132 510 1175 novem.
551 1113 598 1174 Ex
611 1110 661 1173 his
674 1121 779 1196 patet,
798 1121 938 1192 tempora
951 1108 1119 1173 Andronici
1135 1107 1273 1188 iunioris,

189 1209 408 1295 Cautacuzcni,
437 1223 469 1274 et
492 1210 615 1275 loannis
628 1210 803 1295 Palaeologi
824 1231 888 1273 non
907 1212 980 1273 satis
991 1210 1098 1293 ⁴probe
1119 1210 1289 1293 digessisse

188 1309 407 1394 Onupbn'um,
432 1324 463 1374 et
476 1313 563 1376 alios.
604 1313 760 1376 Erramnt
774 1313 847 1373 item
861 1332 932 1373 cum
945 1310 1095 1393 Gragora,
1115 1310 1190 1371 dum
1208 1309 1275 1371 An-

186 1408 347 1474 dronicum
361 1414 511 1476 iuniorem
524 1435 606 1477 auno
618 1416 725 1477 aetatis
748 1411 978 1495 quadragesimo
991 1412 1099 1493 quinto
1113 1411 1277 1471 extinctum

184 1512 387 1574 tradiderunt.
429 1513 510 1579 Nam
524 1516 550 1575 si
567 1525 658 1576 natus
670 1523 738 1575 erat
753 1533 848 1573 annos
862 1512 970 1593 viginti
984 1522 1099 1593 septem
1113 1520 1277 1592 autequam

186 1612 353 1683 modam
366 1634 493 1676 uxorem
506 1613 650 1692 duceret,
672 1625 708 1674 ut
720 1624 824 1675 noster
838 1612 918 1672 libro
932 1613 1032 1693 primo
1049 1621 1174 1688 narrat,
1195 1622 1227 1672 et
1241 1631 1278 1672 ea
1358 1658 1364 1673 .

185 1709 281 1773 ducta
298 1712 401 1775 adhuc
423 1712 541 1796 aliquot
561 1715 649 1774 aunis
670 1733 742 1774 cum
761 1729 821 1771 aru
833 1709 950 1771 bellum
971 1710 1078 1789 gessits
1108 1711 1133 1769 si
1147 1731 1183 1771 eo
1197 1712 1280 1772 victo

185 1814 280 1873 annis
300 1813 412 1894 viginti
427 1812 511 1873 solus
522 1811 705 1894 imperavit,
734 1811 872 1890 eequimr
885 1808 1197 1891 quinquagmarium,
1229 1820 1282 1871 urit

186 1930 226 1971 eo
251 1913 402 1993 maiorem
427 1910 549 1972 obiisse.

277 2008 480 2071 Ostendemus
508 2028 610 2088 nnnc,
647 2028 710 2092 quo
736 2006 805 2071 loco
828 2009 908 2069 inter
929 2006 1110 2091 Byzantinus
1138 2004 1282 2073 historin

183 2108 263 2170 haec
285 2120 391 2170 nostra
409 2106 585 2171 collocanda
605 2110 655 2176 sit.
698 2108 925 2171 Contacuzenus
939 2108 1112 2191 Nicephoro
1125 2110 1280 2195 Gregoraa

183 2208 325 2290 proxime
345 2206 498 2287 succedit,
538 2210 662 2293 eiusque
678 2210 868 2271 narrationes
886 2209 1062 2270 continuat:
1094 2232 1280 2295 quamquam

184 2327 250 2368 non
265 2308 401 2390 praecise
420 2328 456 2369 ac
477 2306 665 2391 simpliciter.
707 2307 789 2377 Nem
810 2327 882 2369 otim
895 2308 1046 2390 Gregoras
1064 2311 1098 2371 in
1110 2311 1281 2374 obitu'An·

183 2404 307 2471 drunici
322 2409 450 2469 iunioris
464 2405 601 2486 desinat,
621 2416 725 2469 noster
735 2406 809 2468 inde
821 2427 885 2469 non
899 2406 1039 2470 orditur:
1061 2413 1136 2492 quin
1156 2414 1220 2474 imo
1233 2436 1283 2476 se-

181 2506 325 2569 cundum
345 2506 489 2569 historiae
511 2528 584 2577 suae
605 2505 721 2569 librum
742 2505 783 2569 ad
804 2506 939 2573 eiusdem
961 2506 1131 2573 Andronici
1152 2526 1282 2577 mortem

181 2607 340 2691 perducit.
380 2607 501 2669 Verum
519 2609 592 2691 quia
614 2609 765 2690 Gregoras
778 2608 836 2669 iste
856 2629 938 2687 avo,
965 2610 999 2669 in
1012 2612 1099 2673 cuius
1113 2611 1215 2676 aulam
1227 2614 1282 2677 de·

185 2709 278 2772 sertis
299 2706 406 2768 studiis
425 2704 603 2771 liberalibus
620 2728 653 2769 se
666 2706 808 2788 contidit,
829 2711 967 2788 amicior,
987 2714 1091 2792 nepoti
1106 2720 1207 2774 autur
1221 2716 1282 2775 ini⁴

186 2808 283 2891 quior
295 2804 371 2869 suite
392 2806 539 2891 illumque
559 2807 747 2890 plurimum,
767 2818 798 2870 et
817 2828 907 2891 saepe
926 2810 1169 2873 commendavitt
1200 2812 1282 2875 huno

186 2914 323 2989 aperte,
343 2927 400 2968 nec
412 2907 551 2988 modice,
580 2919 611 2969 et
624 2928 687 2969 non
702 2927 774 2971 raro
801 2908 989 2973 insimulavit
1017 2930 1053 2971 ac
1075 2913 1282 2992 vituperavita

186 3004 340 3084 adhaec,
358 3028 438 3089 quae
458 3006 620 3077 interillos
635 3006 822 3087 acciderunt,
844 3018 963 3089 perron
980 3010 1144 3069 maximam
1157 3011 1283 3072 minime

187 3117 350 3189 comperrn
368 3106 493 3170 habuitz
523 3130 602 3191 quae
623 3119 726 3171 auten
744 3108 914 3189 comperit,
946 3127 982 3167 ea
1002 3106 1144 3187 oenfose,
1166 3112 1280 3193 imper-

187 3207 280 3288 fecte,
301 3206 452 3291 quaedam
467 3229 588 3290 quoque
602 3207 690 3271 aliter
710 3206 879 3289 aliquanto,
894 3205 969 3287 quid
983 3204 1162 3289 eliquanto?
1182 3210 1281 3271 multo

187 3305 296 3388 aliter,
317 3329 411 3391 quam
425 3320 612 3389 evenerunt,
637 3317 669 3373 et
687 3328 758 3369 cum
780 3307 943 3369 mendaciis
957 3309 1107 3389 expeciit:
1137 3310 1170 3369 in
1185 3313 1280 3392 ipsius

188 3428 314 3490 quoquc
341 3408 541 3471 Cantacuzeni
580 3407 662 3471 bello
697 3408 848 3491 rebusque
885 3407 1158 3469 commemorandis
1190 3414 1280 3493 (quae
1376 3399 1387 3423 “

188 3510 303 3591 scripta
323 3507 374 3571 vel
387 3511 586 3589 interierunt3
611 3507 663 3571 vel
676 3508 777 3571 adhuc
797 3510 831 3569 iu
853 3505 957 3590 aliqua
976 3507 1160 3570 bibliotheca
1174 3509 1284 3587 latent)

188 3627 301 3690 purum
325 3609 407 3671 bona
435 3609 514 3689 lide,
542 3607 750 3691 malevoleque
772 3617 909 3671 versatus
928 3618 988 3669 est.
1050 3609 1278 3670 Cantacuzenrm

188 3707 265 3791 haec
285 3710 360 3771 vitia
374 3730 436 3773 non
449 3711 562 3790 loeus,
583 3709 672 3793 longe
687 3713 853 3789 sincerius,
874 3709 1024 3791 longeque
1037 3711 1207 3791 copiosius,
1228 3708 1278 3769 di-

189 3812 339 3888 stinctius,
360 3812 518 3895 integrius,
537 3812 649 3873 certius
662 3812 765 3874 omnin
779 3809 956 3894 explicavitt
984 3809 1098 3891 quippe
1110 3810 1163 3891 qui
1176 3811 1277 3869 omni-

191 3906 247 3970 bns
261 3931 358 3993 paene
370 3933 433 3973 non
451 3912 588 3977 interluit
601 3911 723 3991 solum,
743 3933 853 3974 verum
873 3913 965 3974 etiam
972 3909 1127 3992 praefuit:
1149 3919 1179 3969 et
1197 3929 1278 3991 quae

195 4008 331 4087 ipseuon
345 4012 444 4092 vidit,
463 4024 517 4074 ant
538 4015 600 4096 egit
620 4016 682 4096 (qui
705 4015 786 4075 enim
804 4014 904 4095 potuit
917 4010 1051 4089 omnini)
1072 4008 1278 4070 eaatmtihus

103 4180 108 4187 ,
195 4110 374 4187 gnutonis
384 4114 519 4205 accepit:
541 4113 796 4197 quernadmodum
809 4117 842 4175 in
855 4112 915 4175 line
933 4110 1006 4174 libri
1024 4110 1125 4193 qum-fi
1137 4117 1275 4169 testatur·
