3000 4742
514 277 799 343 nrsaoarlnun
819 282 859 343 ιι.
879 279 931 350 ιο.
1002 274 1007 293 ’
1178 252 1257 358 ὄάι

172 436 350 526 περιτυχών
380 433 550 519 ἐκράτησα
583 433 770 518 αάτάνδρων
797 429 853 496 κατ’
876 428 969 497 πάλιν
997 423 1193 500 ἀπέπλευσεν
1213 436 1330 512 cicae.
1344 446 1409 518 rato

172 537 356 615 Βυζάντιον.
390 531 571 616 πυθόμενος
592 536 628 599 δὲ
649 532 665 598 ὃ
685 529 835 617 βασιλεὺς
857 523 918 597 ὅσα
938 524 1027 620 adep
1047 530 1122 620 περὶ
1139 532 1179 599 τά
1197 537 1260 616 βα-

171 632 276 703 σιλικοὶ
296 634 466 722 γράμματα
486 630 736 721 κακουργηθειη,
757 630 814 697 καὶ
830 627 873 709 ἀς
902 629 1016 713 λόγους
1042 631 1183 720 διαδοίη,
1215 634 1260 717 μὴ

114 727 116 732 ’
171 736 346 820 βασιλέως,
376 731 446 797 ἀλλ’
463 735 498 799 ἐκ
517 735 580 799 τάν
599 731 689 797 ι’δίοιν
709 725 790 797 εἶναι
810 729 866 817 την
888 727 1029 816 δαπάνην
1047 733 1111 796 τῶν
1130 730 1290 818 τριήρε-Ρ,
1302 749 1356 812 323

150 860 225 928 5aov,
247 833 324 922 ἀργῇ
343 857 376 899 τε
394 834 524 921 ἐφέρετο
545 829 623 919 πρὸς
641 830 738 897 αιἰτδν
759 828 912 918 καὶπρὸς
930 827 983 895 τὸν
999 828 1099 914 μέγαν
1116 833 1261 914 δομέστι-

171 961 238 1020 κον,
258 933 303 1012 ἀς
321 929 403 1020 ἀπδρ
424 935 544 999 ἐκείνου
564 929 738 1019 πράττοντα
758 925 819 996 ἀεί.
845 933 964 1020 „oposrc”
985 927 1048 1018 ἔφη
1068 923 1143 1014 „oio
1167 926 1265 997 Ἀπό-

172 1056 294 1119 ιιαυχος
313 1029 456 1119 ruperim
488 1028 550 1117 ἀγοὶ
572 1032 609 1096 δὲ
629 1031 731 1095 καίτοι
748 1028 899 1108 πολλάκις
918 1027 1072 1116 ὁρμηθείς
1090 1025 1132 1103 ια’
1154 1029 1265 1096 δέοντα

172 1142 291 1217 ποιεῖν,
309 1136 370 1198 ocri
389 1131 582 1213 κωλύοντος,
602 1126 796 1215 ἀπεσχόμην.
837 1131 909 1197 νυνί
930 1130 967 1195 δέ
985 1153 1040 1212 μοι
1062 1130 1144 1194 δοκῶ
1163 1131 1265 1214 μηδὲν

173 1229 321 1318 ἐμποδώνΙ
348 1229 481 1298 ἔσεσθαι
501 1226 524 1295 ἀ
544 1228 639 1306 αάτδς
660 1226 769 1313 οἴομαι
798 1233 1129 1298 λυσιτελεῖνποιεῖν.”
1171 1233 1266 1313 βασι-

136 1332 247 1413 ιολεάς
272 1333 333 1414 μὲν
354 1323 414 1396 οάν
433 1333 566 1395 τοιαῦτα
586 1324 671 1395 εἶπεν
691 1326 904 1416 ὀργιζόμενος.
945 1325 969 1394 δ’
984 1328 1015 1392 δ’
1037 1324 1142 1419 ἑαυτῷ
1161 1351 1266 1394 συνει-

173 1430 237 1508 δάς
254 1428 393 1515 μάλιστα
408 1429 499 1521 αἰτίρι
519 1432 584 1495 τοῖν
598 1426 763 1514 παρόντων
781 1419 858 1511 ἀντι,
881 1424 996 1516 (αάτός
1011 1425 1072 1515 γάρ
1087 1429 1265 1515 παρέσχετο

169 1526 359 1619 Ἀποκαάχιρ
377 1527 434 1615 τήν
454 1523 568 1615 ἀρχὴν,
588 1528 745 1611 βασιλέως
759 1527 1005 1615 ἀντιλέγοντος)
1017 1528 1122 1614 σιωπῇ
1142 1528 1265 1613 παρῆλ-

172 1636 214 1698 θε
233 1631 335 1716 μηδὲν
354 1627 548 1718 ἀποκριθεις.
575 1624 724 1710 βασιλεάς
745 1628 781 1693 δὲ
799 1617 877 1714 ἀχρι
895 1619 973 1712 ἦρος
993 1626 1172 1712 ἀρχομένου
1193 1626 1408 1723 (isaacum

173 1727 295 1818 τρίψας
314 1732 350 1795 ἐν
371 1729 602 1816 Θεσσαλονάεη,
634 1720 717 1814 ἀρας
748 1728 869 1792 ἐκεῖθεν
888 1719 987 1812 ἦλθεν
1008 1727 1053 1803 εἷς
1072 1722 1290 1808 Διδυμότοαο

137 1845 233 1913 ι5χον
254 1830 310 1894 καί
326 1829 409 1911 μετά
428 1825 543 1914 μικρὸν
570 1830 687 1912 ἐγένετο
717 1827 754 1892 δν
772 1827 958 1915 Βυζαντίῳ.
1000 1825 1210 1911 ἐνδιατρίψας
1230 1828 1267 1893 δὲ

176 1925 233 1992 καὶ
250 1927 439 2007 Βυζαντίοις
457 1925 574 2015 χρόνον
593 1925 664 1993 τινά
686 1919 763 2010 οὖχί
791 1922 927 2009 συχνὸν,
957 1920 1085 2006 ἔμελλεν
1105 1917 1203 2001 αὖθις
1222 1925 1268 2002 εἰς

180 2025 308 2116 Θρᾴκην
334 2025 470 2105 ἐξελθών
496 2024 588 2093 πόλιν
617 2024 758 2091 παλαιάν
785 2026 1062 2109 κατεσκαμμένην,
1098 2014 1135 2109 ἧς
1170 2048 1268 2111 φασιν

173 2115 350 2213 Ἀρκάδιον
369 2118 451 2191 εἶναι
472 2122 611 2211 οἰκιστήν
628 2121 685 2191 τόν
707 2122 881 2190 Θεοδοσίου
902 2112 1119 2206 τοῦμεγάλου
1129 2173 1140 2206 ,
1176 2125 1210 2200 ἐξ
1230 2114 1270 2188 οὗ

176 2221 309 2309 κοίτην
329 2227 541 2311 προσηγορίαν
561 2223 684 2308 ἔλαχεν,
702 2223 873 2309 Ἀρναδίου
897 2223 1193 2309 προσαγορευομένη
1211 2217 1269 2287 πό-

135 2326 241 2407 αολις,
264 2314 361 2399 αὖθις
379 2323 613 2407 ἀνοικοδομεῖν,
635 2320 721 2388 ἔστιν
742 2313 781 2387 οὗ
802 2320 857 2387 καὶ
875 2311 955 2408 ἀχρι
975 2324 1031 2386 νῦν
1051 2321 1266 2408 περισωζομέ-

176 2448 240 2490 νων
255 2427 318 2488 τῶν
335 2426 468 2508 τειχῶν,
497 2419 649 2508 ἀγασθείς
670 2426 728 2488 τοῦ
746 2419 846 2488 τόπου
867 2418 924 2507 την
945 2420 1105 2507 eripuisse.
1145 2414 1188 2508 ἦν
1207 2420 1268 2509 γὰρ

176 2525 233 2589 καί
250 2520 326 2609 περὶ
343 2520 403 2600 τοὶς
424 2524 591 2606 οἷκοδομάς
612 2522 777 2610 φιλότιμος
798 2520 814 2588 δ
832 2518 993 2606 βασιλεὺς,
1015 2518 1054 2584 οδ
1069 2518 1165 2603 μόνον
1181 2519 1272 2608 χρεί-

179 2645 219 2699 ας
239 2623 346 2707 ἕνεκα,
381 2616 461 2688 ἀλλά
483 2621 540 2688 καί
557 2624 767 2709 ψυχαγωγίας
790 2614 836 2688 ἀν
857 2623 981 2705 ἕτοιμος
1002 2621 1158 2688 ἀναλοῦν.
1199 2624 1274 2709 περὶ

250 2775 277 2830 3.
296 2772 388 2845 λόγου
405 2776 555 2847 legebatur.

179 2911 296 2980 potitus,
315 2911 472 2978 Byzantium
490 2912 597 2984 relegit.
631 2915 791 2984 Imperator,
809 2921 841 2965 ut
857 2912 915 2965 eius
935 2913 964 2965 in
982 2912 1082 2966 litteris
1100 2913 1275 2983 supprimen-

180 2980 224 3033 dis
242 2981 402 3052 nequitiam,
429 2992 457 3037 et
476 2981 615 3053 quomodo
633 2986 664 3036 in
685 2986 793 3054 vulgum
809 3001 890 3036 voces
909 2986 1067 3052 sparsisset,
1080 3001 1137 3036 non
1155 2985 1276 3054 impera·

179 3054 265 3117 toris,
280 3051 328 3104 sed
347 3070 423 3104 suam
445 3070 502 3106 esse
527 3054 686 3124 pecuniam,
711 3071 781 3126 quae
804 3053 834 3105 in
852 3056 975 3106 triremes
994 3053 1214 3122 impenderetur,
1232 3071 1277 3107 re·

62 3144 64 3147 ·
180 3124 279 3186 seivit,
295 3124 326 3177 in
343 3122 481 3176 hominem
499 3124 713 3188 excandescens,
731 3142 774 3176 ma
813 3142 858 3176 um
877 3124 1066 3186 domesticum,
1084 3131 1116 3176 nt
1134 3126 1193 3177 eius
1213 3142 1277 3195 per·

181 3202 296 3264 petuam
320 3194 468 3258 fautorem,
492 3194 536 3247 his
554 3195 646 3248 verbis
673 3212 768 3265 compe
792 3204 837 3248 at:
874 3194 981 3248 Sentin’
1005 3194 1072 3266 quid
1098 3195 1277 3265 Apocauchus

180 3265 290 3317 struat?
312 3264 368 3335 Ego
387 3281 449 3318 vero
467 3268 576 3318 tametsi
597 3266 725 3337 frequens
742 3266 818 3338 quod
836 3273 894 3319 erat
915 3282 1036 3318 mearum
1053 3268 1172 3336 partium
1191 3266 1277 3325 volni.

180 3333 229 3387 aba
248 3344 276 3389 te
295 3333 444 3405 impeditus
462 3336 549 3391 omisi.
573 3335 653 3389 Nunc
670 3335 740 3388 mihi
760 3334 795 3388 ad
814 3352 846 3390 ea
866 3353 937 3407 quac
955 3353 971 3389 e
990 3337 1132 3407 republica
1151 3337 1210 3390 sore
1230 3339 1279 3391 iu·

181 3405 243 3459 dico
263 3405 398 3470 facienda,
415 3407 488 3460 nihil
507 3408 560 3459 erit
580 3405 787 3476 impedimento.
816 3407 889 3460 Haec
906 3407 955 3459 ille
974 3409 1075 3460 irarum
1092 3407 1199 3478 plenus.
1217 3408 1280 3460 Do-

181 3477 308 3530 mesticna
327 3477 382 3529 sibi
401 3479 525 3531 conscius
544 3486 576 3531 nt
589 3480 694 3532 auctori
712 3477 795 3530 huius
814 3476 971 3549 tragoediae
988 3480 1060 3550 (ipse
1078 3494 1139 3530 nam
1160 3495 1207 3543 ue,
1225 3479 1282 3529 im·

182 3556 305 3668 peratore
322 3549 455 3614 nolente,
484 3548 656 3621 praefectura
674 3550 753 3602 illum
780 3546 904 3620 auxerat)
927 3565 989 3600 cum
1014 3550 1124 3602 silentio
1166 3548 1280 3602 'scessih

196 3625 330 3684 mperator
346 3637 377 3671 ns
399 3634 433 3671 ue
449 3619 484 3672 ad
503 3637 610 3673 vernam
631 3627 823 3691 tempestatem
842 3617 1053 3674 Thessalonicae
1076 3627 1212 3682 moratus,
1230 3617 1278 3671 in-

184 3685 219 3766 de
237 3686 374 3754 Didymoti
412 3707 458 3741 am
494 3700 523 3744 et
558 3691 641 3762 paulo
668 3700 730 3762 post
758 3691 918 3759 Byzantium
943 3690 1123 3753 comatulis,
1150 3689 1200 3742 uhi
1217 3697 1296 3741 cum'

183 3755 258 3809 haud
286 3756 332 3810 diu
350 3760 509 3828 mansisset;
526 3779 631 3815 rursum
657 3763 687 3815 iu
706 3761 852 3815 Thraciam
872 3769 932 3815 erat
949 3777 1122 3828 egressurus,
1147 3768 1179 3812 ut
1205 3759 1280 3813 antlt·

212 3844 266 3879 sam
283 3827 376 3881 urbem
395 3832 450 3882 iam
472 3850 603 3897 eversam,
621 3833 723 3885 alicubi
743 3835 828 3886 muris
846 3849 936 3904 usque
952 3830 1037 3884 hodie
1060 3829 1148 3884 adhuc
1167 3831 1281 3900 integris

181 3844 276 3970 edatius
301 3897 446 3952 Arcadium
464 3901 615 3956 Theodosii
634 3905 722 3975 magni
747 3906 836 3956 filium
863 3900 1037 3956 conditorem
1061 3901 1168 3966 serunt,
1192 3917 1282 3972 aquo

184 3977 214 4022 ct
231 3983 332 4022 nomen
349 3970 468 4037 invenit,
487 3973 675 4044 Arcadiopolis
699 3973 789 4043 dicta)
807 3973 1013 4036 reaedificaret,
1039 3971 1093 4027 loci
1118 3980 1215 4027 natura
1236 3971 1285 4023 de·

183 4040 300 4093 lectatus
318 4038 455 4095 videlicet
473 4045 538 4097 Erat
556 4044 695 4119 siquidem
713 4045 860 4115 imperator
878 4044 961 4097 etiam
980 4042 1205 4096 aedificationum
1220 4058 1285 4111 per·

183 4108 299 4181 cupidus
327 4120 490 4183 paratusque
516 4131 573 4168 non
590 4116 761 4169 necessitatis
780 4114 874 4178 modo,
900 4113 949 4168 sed
977 4122 1006 4167 et
1028 4114 1181 4184 voluptatis
1205 4129 1285 4165 causa

184 4179 216 4235 in
234 4180 360 4237 aedilicia
379 4191 502 4254 sumptus
520 4185 688 4257 impendere.
730 4185 811 4241 Certe
827 4201 915 4261 prope
936 4182 1196 4242 Thessalonicam
1215 4182 1285 4237 fua-
