3000 4742
518 262 801 332 msromnnmr
821 272 862 332 ιι.
883 274 935 345 ³7.
1185 240 1267 330 533
1291 261 1294 265 ’

185 426 326 512 pappiana
344 421 546 509 προσθέσθαι
566 416 759 507 όποτέρσις.”
804 421 945 487 Τοιαύτο
979 423 1187 508 διειλεγμένου
1207 428 1266 491 τού
1273 440 1303 498 Δ.
1311 439 1417 511 Επελς

182 522 321 607 μεγάλου
342 522 546 603 δομεστίκσυ,
567 519 585 587 ό
610 518 800 607 Ῥιτζόρδος
820 520 884 593 τών
903 523 964 603 μὲν
985 524 1160 616 Νικηφόριρ
1187 544 1299 609 σομε

182 617 348 707 παρόντων
368 613 473 686 ἄλλων
494 619 651 705 ώμολόγει
672 619 728 687 καί
747 617 842 700 αύτδς
862 622 1021 708 προύχειν·
1044 625 1110 691 δεῖν
1131 627 1168 691 di
1188 623 1270 714 ἔφα-

182 741 238 784 σκε
258 722 313 786 καί
331 718 467 795 iussione
486 719 559 807 περὶ
577 720 640 787 τών
662 721 835 808 εἰρημένων
857 723 1072 806 πυθομένους,
1103 726 1190 814 κοινῇ
1207 729 1272 793 τών

160 822 347 905 ὄπρακτέων
365 817 423 905 τὴν
442 823 554 906 ψῆφον
570 792 739 905 δξαγαγεῖν.
786 822 986 899 ἐπαινοῦντος
1007 824 1044 888 δὲ
1063 821 1119 889 καί
1137 826 1195 891 τού
1211 852 1270 909 με·

181 921 279 1008 γάλου
302 917 498 1003 δσμεστίκου,
520 919 721 1006 ἀνεχώρησεν
743 925 789 997 εἰς
809 917 868 1007 την
889 918 991 1005 πόλιν,
1011 921 1272 1009 ἐπαγγειλᾴμενος

183 1025 230 1098 εἰς
249 1018 308 1104 την
330 1017 501 1103 ὑστεραίαν
520 1013 606 1103 ἥξειν
627 1018 672 1097 ώς
700 1017 791 1105 λόγον
813 1018 995 1088 ἀποδώσων.
1038 1020 1204 1108 διικλησόιν
1236 1027 1272 1091 di

182 1117 444 1205 συναδροίσαςέκ
461 1118 523 1183 τών
536 1116 705 1202 συνόντων,
726 1119 909 1204 ἐβουλεύετο
934 1115 1004 1203 ἅμα
1025 1120 1132 1198 αύτοῑς
1152 1124 1184 1188 εί
1203 1126 1273 1188 δέοι

183 1223 313 1307 βαριλεῖ
329 1219 413 1304 σφᾶς
434 1215 553 1294 αύτούς
573 1214 629 1282 καί
650 1218 708 1303 τὴν
736 1220 829 1285 πόλιν
855 1219 1058 1305 ἐγχειρίζειν.
1087 1218 1143 1284 καί
1167 1217 1271 1287 ἐδόκει

148 1314 316 1403 romipetis
340 1312 422 1383 εἶναι
442 1313 465 1381 ἀ
486 1310 596 1397 αύτοῖς
617 1315 635 1384 ό
655 1321 755 1404 μέγας
776 1320 957 1401 δομέστικος
976 1317 1116 1407 παρῄνει.
1146 1318 1217 1384 ἐπεὶ
1236 1322 1272 1385 δὲ

184 1418 353 1499 ἐδέδοκτο,
383 1416 428 1494 εἰς
456 1412 528 1501 τήν1
541 1413 729 1485 ἕπιοῦσανό
759 1417 942 1503 Ῥιτζάρδος
961 1409 1059 1492 αὖθις
1084 1420 1127 1504 τῷ
1144 1417 1299 1506 μεγόλιρρ

187 1515 358 1603 δομεστίιιιρ
378 1515 583 1604 προσελθών,
613 1518 812 1605 ἐμαρτύρετο
839 1515 932 1601 θεόν,
962 1514 1005 1594 ώς
1026 1508 1091 1581 οὔτ’
1122 1518 1272 1602 ἀπεχθῶς

67 1666 70 1674 ,
112 1622 120 1631 ’
186 1618 376 1698 διακείμενοι
407 1615 485 1702 πρός
514 1618 663 1700 βασιλέα,
693 1609 767 1682 ais>
794 1611 917 1696 ἑαυτοῖς
936 1641 1007 1683 τινα
1030 1615 1167 1698 οἰόμενοι
1186 1616 1272 1704 ἀφέ-

185 1721 272 1780 λειαν
296 1718 332 1781 ἐκ
360 1718 415 1802 τῆς
445 1716 640 1794 ἀποστασίας
667 1716 888 1804 προξενήσειν,
921 1714 1070 1799 εἱλόμεθα
1097 1711 1273 1801 ἀποστῆναι

147 1817 349 1898 ιᾶβασιλέως·
371 1814 508 1898 οἰόμενοι
528 1819 575 1900 δὲ,
596 1809 636 1882 ἀν
653 1817 750 1882 ositos*
768 1820 887 1902 πρώτον
907 1817 1106 1899 ἀποστώμεν,
1129 1817 1185 1881 καί
1197 1812 1273 1892 τούς

185 1908 299 1992 ἀλλους
316 1917 509 2002 Ἀκαρνᾶνας
528 1917 725 2001 συνόψεσθαι
743 1917 820 2003 ἡμῖν
846 1919 903 1983 καί
923 1914 1150 2004 τὴνποτρηύαν
1170 1911 1274 2002 ἀρχὴν

184 2014 357 2105 Νικηφόριγ
387 2013 573 2100 ἀποδώσειν,
595 2011 716 2095 ἑκόντες
733 2008 819 2092 ὄντες
834 2016 1028 2101 είσὴχδημεν
1047 2017 1093 2091 εἰς
1112 2012 1187 2090 τούς
1207 2038 1273 2079 κιν-

184 2114 315 2199 δύνους,
341 2108 482 2182 sintriae
518 2140 554 2181 τε
574 2112 700 2192 ἑαυτοῖς
720 2115 776 2181 καί
795 2111 951 2204 ώφέλειαν
978 2117 1022 2204 τῷ
1051 2115 1192 2203 ἡμετέρην
1220 2116 1271 2178 δε-

184 2211 286 2305 σπότη
307 2212 445 2297 οἰόμενοι
465 2211 677 2302 προξενήσειν.
719 2219 785 2281 τών
805 2215 995 2301 πραγμάτων
1018 2217 1054 2280 δὲ
1075 2215 1272 2302 ἀντεστραμ-

145 2317 304 2397 σομόνων,
333 2309 435 2399 ἀπέβη
455 2315 607 2381 τάναντία
625 2309 647 2400 ἢ
667 2309 758 2380 αύτοί
776 2317 1021 2401 προσεδοκῶμεν.
1062 2317 1119 2380 νῦν
1140 2307 1197 2380 σύν
1217 2315 1272 2380 καί

184 2413 262 2500 ἡμῖν
283 2412 382 2478 πολλά
404 2416 479 2501 περί
497 2415 561 2480 τών
577 2412 742 2501 παρόντων
771 2417 1030 2498 διασκεψαμόνοις
1058 2415 1271 2491 λυσιτελέστε-

185 2538 240 2599 ρον
260 2514 354 2580 οὐδὲν
375 2517 410 2579 ἐν
428 2516 474 2603 τῷ
495 2513 629 2599 παρόντι
649 2505 720 2578 τύδ’
741 2513 819 2597 ἡμῖν
858 2507 929 2582 σύτο
969 2511 1140 2603 Νινηφόριρ
1183 2505 1308 2598 deden

186 2610 438 2694 συνεβούλευσας
459 2607 569 2696 αύτύς,
590 2612 722 2699 εὑρέθη.
764 2606 802 2679 ού
823 2610 861 2699 δὴ
883 2616 973 2679 ἕνεκα
994 2617 1079 2699 σφοῖς
1099 2637 1134 2676 τε
1154 2609 1272 2689 αύτούς

188 2714 243 2775 καί
256 2708 319 2795 ’τὴν
338 2709 427 2779 πόλιν
449 2712 502 2777 διὰ
524 2715 584 2778 σού
612 2715 854 2800 παραδιδούμεν
880 2717 1019 2796 βασιλεῖ·
1048 2709 1144 2788 αύτός
1172 2713 1202 2776 δ’
1231 2707 1288 2777 ἀν.

149 2808 305 2894 υὸεἰδείης
331 2804 390 2899 desp
419 2810 524 2903 τρόπῳ
551 2813 698 2895 βέλτιστα
722 2812 798 2898 ἡμῖν
818 2809 858 2877 τά
880 2811 1053 2899 πράγματα
1073 2810 1273 2899 παρασκευά-

262 2980 302 3016 ιι.
320 2963 369 3016 Ρτο
387 2955 474 3021 αὖθις
492 2961 635 3031 legebatur
651 2961 760 3054 αάτρῒς.

190 3083 370 3148 domesticus,
388 3084 537 3138 Richardus
557 3088 631 3140 inter
650 3086 795 3139 familiares
813 3085 962 3156 Nicephori
985 3089 1086 3157 primas
1108 3092 1201 3139 tenere
1225 3102 1273 3150 se,
1360 3090 1364 3095 ’

189 3160 249 3229 ipse
276 3173 386 3228 quoque
407 3174 463 3208 non
488 3157 623 3227 negabat:
657 3165 748 3210 tamen
774 3156 807 3209 ad
829 3158 892 3209 ilios
920 3174 974 3227 quo
997 3175 1030 3209 ue
1057 3155 1227 3209 referendum
1245 3166 1273 3209 et
1350 3183 1356 3186 ·

189 3228 385 3290 communiter,
402 3227 470 3297 quid
488 3229 531 3297 agi
549 3228 720 3291 conveniret,
739 3225 948 3281 decernendum.
1005 3226 1159 3297 pprobante
1176 3243 1272 3298 magno

189 3299 353 3375 domestico,
380 3297 426 3350 die
451 3301 578 3368 sequenti
597 3298 748 3352 rediturum
765 3314 978 3419 responsumsppe
995 3300 1143 3350 relaturum
1161 3299 1273 3367 pollici-

190 3380 254 3436 tus¹
280 3370 310 3421 in
327 3367 425 3420 urbem
443 3385 471 3420 se
494 3372 607 3439 recepit.
644 3370 743 3422 Coacta
759 3386 774 3420 e
792 3370 930 3438 praesenti
953 3386 983 3420 us
1008 3378 1161 3431 conventu,
1187 3387 1273 3438 quae-

190 3450 269 3503 ruut,
299 3438 400 3511 ecquid
426 3454 455 3491 se
474 3446 502 3490 et
520 3439 651 3509 oppidum
672 3440 797 3492 madanti
824 3439 970 3507 magnique
994 3439 1136 3491 domestici
1160 3439 1272 3491 monitis
1301 3464 1305 3471 ⁴

192 3511 366 3583 obsequelam
382 3509 536 3562 faciendam
554 3527 686 3562 consensu
705 3511 821 3561 firmant
847 3508 979 3561 Postridie
998 3508 1105 3561 rediens
1124 3508 1271 3561 Riciiardus

191 3581 280 3634 Deum
303 3582 532 3650 testatur‚,ipsos
549 3597 641 3654 neque
659 3580 723 3633 odio
746 3580 933 3650 imperaturis,
960 3597 1052 3650 neque
1076 3582 1119 3632 sui
1144 3588 1272 3649 quaestus

191 3652 349 3705 eausa‘eius
375 3651 483 3703 fraenos
505 3654 668 3707 excussisse:
699 3649 747 3704 sed
773 3652 933 3720 opinantes,
960 3652 983 3703 si
1008 3652 1088 3721 primi
1114 3648 1277 3712 deficerent,
1363 3684 1369 3693 .

191 3724 311 3792 reliquus
339 3721 491 3774 Acarnanas
518 3734 658 3777 secuturos
677 3732 706 3778 et
722 3721 775 3776 hoc
799 3722 881 3774 modo
900 3729 1040 3793 paternum
1063 3736 1174 3790 regnum
1194 3720 1278 3772 Nice-

191 3792 279 3863 phoro
304 3793 461 3845 restitutum
487 3796 539 3857 iri,
572 3796 643 3848 uitro
668 3812 697 3849 se
730 3794 852 3864 periculo
878 3793 1043 3854 involvisse,
1070 3799 1101 3842 ut
1123 3788 1278 3857 Nicephoro

193 3864 297 3915 auxilio
324 3871 414 3915 essent
440 3871 469 3915 et
486 3866 540 3917 sibi
558 3865 641 3917 ‹lecus
667 3875 863 3934 compararent.
901 3863 990 3915 liebus
1009 3870 1102 3917 autem
1120 3869 1191 3912 retro
1211 3861 1281 3912 sub-

191 3934 292 4005 lapsis,
317 3942 409 3985 eontra
435 3938 666 4004 exspectationem
683 3937 814 3987 everrisse.
850 3934 930 3986 Nune
946 3934 1013 4002 ipeis
1032 3948 1142 4054 <poaque
1160 3930 1279 4023 ‹iiiipen-

193 4013 235 4059 ter
253 4012 353 4058 statum
374 4021 452 4055 suum
471 4007 678 4076 contemplatis,
710 4004 783 4057 nihil
802 4007 830 4057 in
856 4020 1035 4073 praesensve
1065 4001 1119 4054 sibi
1136 4002 1180 4053 vei
1197 4001 1281 4054 Mee-

193 4074 280 4146 phoro
299 4082 435 4141 repertum
453 4076 566 4138 utilius,
585 4094 665 4147 qoam
680 4075 755 4146 quod
773 4077 832 4145 ipsc
849 4075 986 4133 suasisset,
1022 4073 1195 4143 Quapropter
1209 4080 1238 4124 et
1250 4082 1279 4124 ιο

194 4153 223 4200 et
239 4146 335 4199 urbem
354 4161 400 4196 eos
411 4161 460 4216 per
476 4163 573 4199 manus
587 4148 644 4199 eius
662 4148 819 4216 imperatori
836 4144 960 4198 traderet
989 4161 1069 4198 nosse
1089 4145 1192 4216 ipsum,
1213 4139 1279 4214 quid
