3000 4742
603 285 839 350 PRAEFATIO.
1186 296 1254 359 tun

182 460 353 543 plenissime
366 460 536 542 pertinent:
570 462 700 541 quiquo
719 470 807 541 paeto
828 454 968 541 σωτηρία
983 458 1045 521 τῶν
1068 462 1254 542 πραγμάτων

180 561 289 637 inerit,
311 559 438 642 legendo
456 560 570 621 disces:
600 570 630 620 et
642 558 716 619 nihii
738 560 839 620 verius
859 558 917 619 dici
932 563 1063 641 potuisse
1085 564 1256 631 constitues.

179 658 238 720 ttta
258 658 395 720 similiter
417 661 449 719 in
473 679 562 741 quesn
586 657 698 737 alium,
734 678 867 741 quaeso,
897 661 953 719 nisi
971 661 1003 720 in
1021 661 1161 721 mindens
1181 684 1256 745 qna-

176 757 291 838 drant,
316 758 426 841 quibus
446 779 515 819 enm
533 756 621 821 Nilus
637 757 677 819 ab
689 757 832 842 exemplis
846 761 1043 839 nostratium,
1070 771 1256 823 exteronnn·

176 878 241 940 que
261 859 441 940 scriptorum
458 859 583 935 incitat,
615 859 659 919 uti
682 869 748 920 neta
775 880 829 920 sna
849 860 1010 920 memoriae
1034 861 1159 941 ipsemet
1182 881 1256 943 pro·

177 956 259 1016 dat?
289 949 355 1019 ἔστι
378 953 545 1029 dimisis
561 955 761 1040 παράδειγμα
775 952 831 1039 τὴν
851 955 1007 1040 ἡμετέραν
1027 954 1161 1022 iusserim
1182 951 1256 1021 dre-

176 1058 309 1133 seyen.
348 1041 390 1116 dr
402 1075 437 1118 rs
453 1051 513 1140 γάρ
536 1052 610 1129 τούς
626 1051 762 1136 ἔξωθεν,
783 1045 824 1118 ἴα
843 1076 878 1118 rs
901 1051 977 1130 soie
996 1051 1163 1139 ἡμετέρους
1183 1054 1255 1140 ἡγε-

176 1147 284 1232 μόνας
302 1152 504 1240 ἑαθυμηθῇς,
533 1146 679 1236 odienda
698 1152 853 1242 ἀτιμάσῃς
870 1153 929 1239 τήν
949 1150 1099 1240 ἱστορίαν.
1127 1156 1183 1220 καὶ
1199 1145 1257 1218 αὗ-

177 1272 230 1316 eos
250 1249 329 1335 peip,
358 1243 494 1339 scissim
520 1252 575 1317 tut
594 1250 631 1318 τὸ
656 1252 850 1340 σνῃρόφεα
874 1254 1016 1338 καθῆκαν
1036 1248 1186 1334 invenie,
1213 1252 1254 1316 od

176 1347 280 1435 μικραὶ
297 1349 353 1414 eir
368 1344 565 1436 duipninm
576 1355 645 1436 βίον
661 1355 697 1418 ἐκ
716 1351 866 1419 τοιούτων
883 1350 1006 1437 ὀνήσειν
1024 1349 1167 1433 οἰόμενοι.
1188 1354 1256 1417 Nee

177 1472 258 1514 sero
280 1467 365 1517 earet
381 1454 547 1538 exemplo,
572 1455 664 1540 quod
684 1455 951 1542 obstupuimus.
990 1454 1115 1518 Etenim
1129 1455 1194 1515 sive
1211 1451 1260 1515 ad

177 1565 354 1627 extensos,
383 1556 447 1617 sive
465 1554 513 1617 ad
533 1567 688 1619 nostrates
707 1556 783 1619 belii
797 1556 892 1617 dures
910 1556 1083 1633 respicias,
1111 1574 1176 1617 nos
1192 1573 1256 1639 po·

174 1654 258 1714 teris
277 1654 336 1716 tine
347 1674 443 1734 genus
459 1656 640 1740 scriptionis
655 1668 859 1719 conuenere.
903 1656 1025 1739 Quippe
1044 1667 1108 1716 tum
1123 1655 1167 1732 ti,
1189 1666 1255 1716 tuns

173 1750 229 1813 ittt
246 1754 309 1816 hue
331 1757 454 1836 pariter
476 1775 509 1817 se
529 1755 733 1831 demiserunt,
755 1774 818 1816 non
833 1774 949 1836 parum
960 1753 1034 1813 inde
1050 1755 1183 1815 nmmo
1201 1774 1257 1833 ge-

173 1853 250 1912 neri
272 1852 449 1914 consultum
469 1853 515 1912 iri
530 1853 728 1915 arbitrantes.
776 1851 857 1929 Quid
879 1850 961 1932 qnod
980 1850 1092 1911 desua
1105 1872 1175 1911 eum
1192 1852 1258 1911 An-

177 1950 312 2012 dionis»
333 1951 591 2030 coniunctissima,
624 1949 854 2033 fidelissimeque
873 1952 1005 2011 nmidtia
1028 1949 1076 2030 (de
1096 1972 1156 2033 qna
1173 1953 1259 2033 eqni-

173 2048 251 2108 dem
276 2052 428 2131 cogitans,
461 2049 550 2111 simui
582 2048 621 2110 de
639 2049 785 2130 Doridis,
822 2060 852 2110 et
873 2046 1016 2110 lonathae
1036 2048 1258 2112 devinctissime

174 2148 384 2211 familiaritate
397 2152 515 2232 cogito:
545 2149 709 2233 dequibus
730 2152 876 2231 scriptum
895 2148 1041 2231 legimus,
1070 2148 1185 2210 Anima
1206 2149 1259 2212 lo·

172 2248 294 2311 neriae
309 2249 523 2329 conglutinata
540 2261 587 2310 est
600 2251 724 2311 animae
738 2246 893 2309 Devidis:
913 2258 943 2309 et
957 2246 1074 2308 ditexit
1086 2268 1155 2308 eum
1167 2250 1260 2330 qussi

39 2358 43 2373 ·
171 2349 318 2411 enimam
333 2367 441 2434 ruam3
479 2369 617 2410 numme
647 2347 749 2411 Doleo
771 2366 866 2432 super
891 2352 939 2419 te,
963 2345 1073 2429 freter
1098 2348 1143 2408 nsi
1162 2348 1260 2409 Ione·

173 2448 254 2521 tna,
288 2447 402 2510 derne
427 2449 541 2521 nimis,
577 2461 607 2510 et
635 2446 779 2510 amabilis
803 2465 1061 2531 supersternens
1083 2445 1260 2524 mulierum

174 2569 243 2608 non
265 2550 324 2607 nisi
345 2550 471 2630 ipsemet
492 2550 534 2609 ita
565 2546 743 2626 συμπαθῶς
770 2559 801 2608 et
824 2544 962 2629 ἐναργῶς
984 2546 1114 2607 seribere
1137 2550 1259 2628 potuit't

175 2648 263 2729 quod
284 2647 408 2729 quidem
435 2669 649 2730 saepenumeso
676 2647 756 2715 iacit.
806 2646 857 2708 Sie
887 2646 1036 2724 solemus,
1073 2646 1257 2728 frequenter,

178 2749 324 2827 inquam,
345 2768 514 2830 magnoque
530 2769 599 2808 enm
616 2768 705 2809 sensu
725 2746 765 2808 de
788 2749 824 2808 iis
841 2746 944 2829 loqui,
965 2766 1000 2808 ac
1015 2746 1158 2823 scribere,
1179 2766 1258 2827 quae

178 2856 237 2906 aut
260 2846 392 2907 absentin
420 2847 508 2909 valde
533 2851 565 2909 in
588 2849 761 2927 desideriis,
799 2859 852 2909 aut
875 2848 1041 2930 praesentia
1065 2846 1259 2907 vehementes·

177 2946 270 3007 nobis
289 2949 321 3007 in
343 2948 498 3010 amoribus
519 2960 598 3010 sunt.
656 2948 719 3010 Nec
740 2948 818 3010 alius
840 2960 903 3009 tam
929 2946 1041 3008 diserte
1058 2946 1097 3006 de
1121 2954 1259 3005 recusato

177 3048 271 3108 toties
295 3048 446 3130 impesio,
483 3050 522 3110 de
550 3049 687 3111 libertate
711 3049 793 3132 apud
819 3047 1028 3108 Andmnicum
1054 3065 1127 3123 sua,
1162 3042 1261 3124 deque

178 3146 381 3229 amplitudine
410 3151 563 3231 potestatis
588 3170 681 3232 quam
713 3149 911 3223 obtinuisset,
954 3155 1073 3227 praeter
1097 3146 1259 3226 ipsummet

179 3267 307 3308 narrare
328 3246 495 3328 voluisset,
533 3251 647 3311 etiami
672 3250 829 3330 potuisset
882 3244 1055 3328 Scripturas
1071 3254 1192 3304 sanetae
1209 3253 1259 3303 to-

180 3348 238 3409 ties
258 3348 444 3431 produetae,
472 3352 503 3411 et
523 3350 689 3410 monastiea
705 3347 862 3430 disciplina
880 3367 943 3407 non
965 3344 1057 3405 semel
1073 3355 1136 3404 tam
1153 3343 1260 3404 eximie

180 3448 373 3529 praedicate,
403 3461 493 3532 atque
516 3454 607 3511 etiam
630 3470 685 3532 per
708 3459 802 3510 totam
824 3447 981 3508 hidonem
1001 3464 1121 3527 sparsae
1136 3453 1181 3503 tot
1193 3444 1260 3524 pie·

180 3549 252 3608 tatis
271 3559 381 3630 notae,
416 3571 477 3613 non
502 3549 595 3611 elium
624 3568 717 3631 qnam
746 3547 927 3609 monachum
952 3544 1054 3623 nient,
1088 3541 1186 3625 qtmiis
1209 3540 1260 3601 ille

181 3656 248 3708 tum
265 3660 349 3729 erat,
377 3670 447 3711 enm
468 3650 544 3712 haee
561 3650 671 3711 chartis
686 3648 852 3714 mansisset
892 3645 1021 3708 Dioendi
1038 3664 1148 3726 genus,
1176 3641 1260 3725 qnod

181 3746 214 3809 in
236 3748 321 3811 libris
337 3762 443 3812 eontra
459 3751 707 3829 Mehometanos,
741 3761 773 3812 et
794 3748 922 3811 ludaeos
942 3750 976 3808 in
993 3745 1164 3806 defensione
1188 3742 1260 3802 fidei

183 3848 371 3913 Christianae
394 3850 549 3930 adhibuit,
586 3850 655 3913 ideo
671 3848 816 3913 dusinus
831 3850 996 3930 est,.quia
1016 3844 1075 3906 iliis
1096 3843 1260 3925 disputatio

185 3948 330 4027 qttnedam
352 3962 497 4034 perpetua
531 3962 562 4013 et
594 3950 748 4013 dialectiea
775 3951 894 4033 potius3
922 3946 1127 4009 hienarratio
1151 3941 1260 4003 diffissa

188 4057 217 4106 et
232 4052 401 4115 continuata
422 4055 592 4137 suscipitur.
633 4052 768 4115 Psoinde
787 4049 902 4113 utalia
916 4049 981 4127 ibi,
1008 4046 1068 4109 alia
1084 4045 1133 4106 hic
1154 4045 1193 4104 sit
1212 4042 1259 4102 fa·

188 4154 268 4235 cies,
286 4176 401 4224 adesse
414 4167 467 4225 est.
518 4153 574 4218 illa
593 4152 714 4219 demum
731 4151 786 4217 lib.
798 4149 827 4232 4
845 4172 912 4235 cap.
930 4146 981 4230 αξ.
998 4158 1028 4213 et
1045 4146 1094 4211 25.
1117 4143 1259 4206 adsutus
