3000 4742
6 286 7 353 i
260 219 338 307 εδδ
654 240 930 310 comacum!

5 404 7 489 J
106 396 168 454 AS.
184 397 451 483 ιλιοξξαναλτδσεις
467 394 524 459 oen
544 393 650 481 δλίγας
677 394 809 479 ἐσόμενα
830 397 966 483 χρυσίου
992 401 1170 484 μυριάδας,
1201 399 1245 477 οδς
1278 404 1333 467 κατ’

5 500 7 547 i
230 493 351 571 Βαδτός
366 490 437 560 οἶδα
455 496 581 580 σαφῶς.
614 492 664 559 διό
686 498 740 560 καί
750 498 807 581 τῆς
827 493 961 581 ἀπορίας
977 497 1038 578 οάχ
1055 489 1151 580 ἧσσον
1171 502 1233 563 τῶν
1250 524 1331 584 χρη-

5 600 6 609 ’
250 593 357 677 μάτων
385 591 420 660 τό
448 593 481 656 ἐν
509 592 669 670 τοσούτοις
692 617 728 659 es
757 593 898 678 χρήμασι
925 595 1120 677 ζημιοῦσθαι
1140 596 1336 686 καθικνεῖταί

249 720 313 780 μου
335 697 390 780 τῆς
412 695 553 777 puppe?
597 696 743 777 παρούσα
775 694 812 756 δὲ
843 693 950 769 αδτοῖς
975 694 1205 775 διαλεγομένοις
1232 694 1328 781 καίῆ

249 798 308 863 τού
335 788 471 876 μεγάλου
505 793 686 872 δομεστύιου
713 789 816 874 μάτηρ
848 787 868 875 ἦ
896 792 1129 873 Παλαιολογινα
1162 792 1350 878 Θεοδάραῦ

250 893 342 977 ,ἀλλ’
363 888 478 975 ἔγωγε”
502 885 586 955 εἶπεν
611 888 672 972 ,μδ
697 886 810 972 ζημίαν
825 884 943 973 ἥγημαι
959 885 993 950 τό
1017 887 1194 954 ἀναλίσκειν
1212 893 1247 955 ἐν
1264 900 1328 967 τοῖς
1373 894 1377 901 ’

249 987 412 1069 τοιούτοις,
428 983 508 1052 ἀλλά
522 987 645 1052 πάντων
661 985 779 1071 κερδῶν
794 981 1048 1051 λυσιτελέστατόν
1060 1010 1092 1051 τε
1111 983 1178 1071 ἀμα
1196 986 1250 1052 καί
1267 1013 1330 1054 σω-

251 1087 465 1177 φρονέστατον.
487 1089 517 1150 εἰ
530 1083 590 1172 γάρ
609 1082 723 1170 λύτρον
741 1085 849 1167 ψυχῆς
864 1081 1010 1166 ἀνδρόςό
1030 1082 1109 1162 ἴδιος
1130 1087 1273 1166 πλοῦτος,
1292 1080 1331 1151 άν

247 1193 284 1252 θ’
294 1184 377 1272 ’ύαὲρ
393 1186 458 1251 τάν
477 1186 565 1251 tezer
581 1208 629 1260 τις
646 1178 890 1268 ἆμαρτημάτων,
911 1173 951 1247 άν
966 1186 1002 1247 3²
1017 1182 1095 1270 ὑπὲρ
1111 1185 1166 1249 τού
1181 1185 1236 1271 ζῇν
1250 1184 1329 1251 ἀνα-

250 1287 354 1376 λάση,
384 1285 423 1349 οδ
446 1285 559 1369 ζημίαν
580 1280 636 1366 την
660 1281 817 1366 δαπάνην,
845 1279 924 1346 ἀλλά
949 1281 1056 1368 κέρδος
1082 1281 1228 1366 ἡγεῖσθαι
1248 1280 1370 1368 χρή·ιο

249 1377 352 1461 άλλως
373 1382 476 1451 τεκαὶ
494 1371 558 1447 rite
575 1379 668 1467 ἱερῶν
683 1377 894 1445 διδασκόντων
914 1381 1034 1463 λογίων,
1053 1378 1117 1468 οόςζ,
1138 1376 1216 1447 ὅπου
1235 1380 1328 1468 όδη-

220 1482 368 1570 conopes·
384 1482 485 1565 ὑμῶν,
506 1476 673 1546 δκεῖἔσται
691 1476 746 1544 καί
763 1477 784 1563 ἦ
800 1480 915 1564 καρδία
941 1478 1041 1560 opor,
1071 1476 1157 1565 παρά
1179 1478 1248 1560 σοί,
1269 1486 1328 1563 βα-

186 1603 207 1619 ”
253 1586 351 1663 σιλεύ,
380 1577 539 1664 δαειδῆσό
559 1574 721 1663 θησαυρός
738 1571 857 1658 αύτού,
877 1572 967 1661 uniri
985 1577 1100 1662 καρδία
1118 1580 1172 1644 τοῦ
1192 1576 1326 1662 μεγάλου

250 1679 433 1764 δομεοτίκου
449 1677 556 1743 ἔσται.
581 1673 695 1741 τούτου
712 1677 747 1740 δὲ
764 1663 854 1750 όντος
867 1675 1014 1760 ἀληθοῦς,
1046 1679 1111 1740 τῶν
1129 1668 1233 1741 ἀλλων
1247 1672 1327 1741 πάρ-

249 1806 316 1848 των
323 1778 496 1867 χρημάτων
514 1776 703 1855 ιδςοδδενῶν
720 1772 961 1862 καταφρονήσει.
979 1775 1034 1840 καί
1045 1773 1190 1859 χωρδςδὲ
1207 1781 1368 1850 roure-15

248 1878 288 1962 νδ,
306 1872 345 1946 άν
362 1875 541 1965 φειδόμενοι
554 1878 617 1940 τοῖν
627 1872 802 1960 χρημάτων
814 1867 1033 1958 κινδυνεύσητε
1047 1871 1121 1959 περὶ
1132 1872 1167 1937 τό
1186 1876 1250 1964 ζῇν,
1272 1875 1328 1940 οόκ

248 1971 395 2062 εύδηλον,
410 1970 475 2058 ότι,
505 1971 667 2039 θανόντων
677 1972 769 2053 opes
784 1965 920 2054 ἀτίμως,
949 1976 1025 2058 παρ’
1046 1963 1152 2049 ἄλλοις
1176 1970 1266 2039 ἔσται
1285 1976 1327 2039 τά

246 2073 415 2161 χρήματα,
442 2071 519 2148 ἴσως
544 2074 579 2138 δὲ
602 2070 657 2138 καί
680 2068 942 2153 πολεμιωτάτοιςς
980 2071 1128 2158 φείδεσθε
1160 2075 1328 2158 τοιγαροῦν
1395 2058 1421 2103 ’Χ

247 2166 327 2261 μήτε
347 2173 503 2255 σωμάτων
519 2171 597 2256 μήτε
615 2173 806 2257 χρημάτων,
838 2161 932 2257 άχρις
956 2162 997 2235 ἀν’
1018 2166 1072 2237 τόν
1088 2174 1253 2256 κινηθέντα
1269 2173 1328 2237 τιό-

247 2279 341 2356 λεμον
357 2263 379 2359 ᾗ
396 2277 551 2336 λυσιτελεῖ
565 2268 719 2355 διάδησδε
735 2268 825 2352 ύμῖν.
1327 2301 1369 2346 20

217 2387 243 2440 D
337 2374 393 2438 κδ’.
431 2370 502 2439 Ἐπί
517 2369 637 2447 τούτοις
657 2369 740 2456 αύτῇ
760 2364 1111 2456 χάριταςόμολογησας
1133 2367 1328 2454 δβασιλεύς,

164 2483 196 2538 V.
207 2501 241 2557 7⁰
251 2470 385 2554 ἐξελθών
406 2467 588 2557 ἐβουλεύετο
609 2456 690 2551 μετόι
707 2472 771 2533 cciv
787 2469 822 2534 ἐν
839 2470 938 2549 τδλει,
973 2470 1004 2534 εἰ
1022 2466 1086 2555 χρὴ
1103 2469 1253 2555 πρότερον
1275 2468 1330 2534 ine*

206 2582 210 2591 '
238 2572 354 2659 Ἀπρω
367 2572 428 2636 ,καί
441 2573 472 2636 Γ
470 2569 623 2656 αρέλλαν,
653 2562 744 2654 ἢάττδ
757 2564 816 2645 τάς
837 2562 1049 2655 ἀφεστηκυίας
1065 2565 1252 2655 πορρωτέρω
1267 2568 1328 2633 ταῖν

321 2703 478 2767 termuth.
496 2705 522 2758 6.
539 2704 598 2759 ED.
608 2704 636 2757 P.

249 2845 330 2900 mam
354 2828 413 2897 ipsa
443 2828 576 2897 pecuniae
599 2825 761 2891 difficultas,
787 2830 884 2897 pnngit
901 2843 931 2881 ae
946 2827 1058 2882 vellicat
1082 2831 1202 2882 animum
1227 2843 1326 2891 meum,

248 2908 277 2952 te
296 2906 402 2952 tantum
420 2900 459 2950 rei
477 2899 644 2951 nummariae
662 2896 835 2969 dispendium
855 2914 914 2949 mea
934 2915 1014 2950 cansa
1032 2902 1147 2969 perpeti.
1183 2898 1253 2950 Huic
1266 2900 1327 2951 col-

248 2972 343 3041 loquio
362 2968 506 3022 Theedera
523 2967 720 3038 Palaeoiogina,
746 2970 837 3038 magni
857 2967 999 3020 domestici
1019 2977 1114 3034 mater,
1138 2986 1265 3040 praesens
1283 2970 1327 3020 in-

247 3049 366 3103 tererat,
385 3056 455 3111 quae
473 3042 513 3093 sic
533 3056 594 3091 ersa
612 3048 669 3091 est:
699 3038 833 3109 Equidem
853 3055 902 3109 ego
920 3039 1021 3092 talibus
1040 3040 1070 3092 in
1088 3041 1169 3093 rebus
1188 3046 1328 3108 sumptum

248 3109 405 3180 impendere
424 3110 530 3163 nullum
547 3109 734 3179 dispendium,
746 3110 828 3161 immo
843 3127 907 3163 vero
926 3094 1048 3161 emniuin
1065 3119 1224 3181 quaestuum
1242 3124 1326 3178 quac·

247 3182 444 3234 amenissimum
461 3188 542 3251 atque
559 3179 798 3249 prudentissimum
817 3179 916 3233 iudico.
953 3179 983 3232 Si
999 3183 1072 3233 enirn
1089 3184 1205 3249 pretium
1222 3179 1330 3230 redem-

247 3252 332 3303 tionis
355 3251 459 3302 animae
485 3250 603 3303 heminis
632 3259 696 3302 sunt
714 3252 801 3334 ipsius
824 3248 953 3313 divitiae,
978 3250 1035 3304 sive
1073 3253 1114 3303 uis
1137 3267 1185 3321 pro
1209 3250 1318 3324 peccati

249 3322 325 3382 suis,
349 3320 404 3372 sire
423 3336 472 3390 pre
496 3321 552 3372 rite
568 3337 616 3372 sua
642 3322 784 3392 quippiam
804 3322 972 3390 erogaverit,
998 3269 1073 3373 Ιιαοό
1099 3324 1129 3375 in
1153 3319 1258 3371 <lamnis
1278 3319 1327 3387 illa

250 3391 385 3460 erogatio,
403 3389 497 3444 sedin
515 3391 597 3442 lucris
617 3389 773 3459 deputanda
791 3398 839 3442 est
876 3390 985 3454 Adhec‚
1005 3408 1064 3443 cum
1083 3392 1193 3444 divinae
1211 3390 1328 3458 scriptu·

249 3479 296 3513 rae
315 3460 446 3523 doceant,
464 3460 513 3512 ubi
531 3459 671 3513 thesaurus
689 3468 778 3512 vester
796 3462 847 3522 sit,
878 3460 918 3512 ibi
944 3478 990 3512 cer
1007 3471 1127 3513 vestrum
1152 3476 1226 3522 esse,
1253 3457 1327 3528 apud

249 3532 456 3600 temperator,
483 3533 611 3651 peoniam
630 3539 660 3582 tn
678 3529 821 3583 thesaurus
838 3531 928 3600 magni
949 3532 1092 3583 domestici
1110 3548 1153 3594 es,
1180 3532 1263 3582 etiam
1281 3546 1326 3581 cor

249 3602 307 3653 eins
326 3603 386 3660 erit.
421 3601 483 3723 (Sue
521 3617 581 3653 eum
599 3602 637 3653 ita
656 3603 709 3664 sit,
734 3609 851 3652 ceteram
869 3603 1010 3669 pecuniam
1027 3610 1132 3654 utrem
1153 3601 1235 3653 nihili
1259 3616 1327 3651 cen·

247 3678 358 3723 temnet
394 3672 429 3725 Se
465 3671 533 3724 hese
549 3671 694 3724 mittamus.
731 3670 760 3722 Si
779 3673 895 3722 nummis
913 3680 1070 3740 parcentes,
1097 3673 1126 3723 in
1143 3672 1214 3724 vitae
1229 3669 1326 3723 discri-

247 3758 311 3793 men
329 3741 465 3805 incidatis,
483 3759 518 3793 an
534 3758 592 3792 nen
608 3742 708 3793 clarum
727 3749 784 3803 est,
812 3741 888 3793 vebis
905 3760 966 3794 cum
983 3741 1116 3796 dedecore
1134 3742 1256 3803 mortuis,
1276 3755 1327 3790 ve-

248 3817 316 3864 stras
334 3812 369 3863 ad
392 3813 459 3865 alies
478 3820 507 3865 et
523 3811 639 3865 forsitan
659 3811 694 3863 ad
713 3811 915 3864 inimicissimos
933 3814 1093 3865 translatum
1119 3814 1154 3865 iri
1174 3807 1327 3881 pecunias?

246 3881 366 3935 Proinde
383 3902 419 3937 ne
442 3885 485 3935 vel
503 3882 679 3951 corporibus,
703 3881 746 3935 rel
772 3884 904 3951 pecuniae
930 3884 1081 3952 parcitete,
1107 3880 1199 3955 quoad
1222 3880 1327 3933 beilum

246 3949 301 4005 hoc
318 3951 354 4004 ed
371 3954 582 4007 emolumentum
598 3963 716 4006 vestrum
734 3952 1006 4006 accommodaveritis.

316 4036 357 4093 ap.
395 4023 495 4076 Gratiis
510 4034 649 4076 matronae
670 4025 746 4087 actis,
765 4023 902 4093 egreditur
919 4024 955 4077 im
976 4030 1073 4085 crater,
1095 4031 1202 4076 etcum
1219 4023 1325 4090 primo·

247 4090 370 4145 tiberin
392 4093 535 4146 consilium
552 4096 647 4157 venit,
663 4095 774 4164 priusnc
795 4093 817 4144 A
838 4111 881 4146 res
906 4102 935 4147 et
983 4094 1157 4156 ecolismae
1177 4093 1326 4145 exercitum

245 4162 280 4216 cd
299 4164 443 4219 ulteriores
460 4164 582 4219 civitam
600 4157 761 4218 δειειιτίοει
774 4162 808 4218 ad
848 4172 905 4218 oet:
925 4162 999 4236 (prod
1015 4163 1326 4245 nacoliensem,
