3000 4742
275 278 329 380 54
499 356 502 365 .
670 305 953 409 muraenam

129 476 158 530 ι,
169 476 197 543 ο,
212 461 330 542 ,οςῃτής
348 458 520 542 συγκλήτου
538 460 594 524 καί
607 458 682 538 τούς
702 460 736 525 δν
756 462 837 525 τέλει
856 461 890 526 ἕν
905 461 995 549 δεινή
1013 464 1196 543 τιθεμένους
1208 461 1265 547 τήν
1282 488 1348 531 των

272 559 426 641 βασιλέων
441 555 598 644 διαφοράν
606 557 661 622 καί
670 561 772 623 κακῶν
788 557 925 645 νιφάδας
938 563 981 650 τῷ
991 563 1083 650 κοινῷ
1094 555 1157 625 ’τάν
1174 561 1349 643 Ῥωμαίων

274 657 313 721 σά
328 654 456 742 μετρίας
473 657 722 740 προσδοκοῦντας
735 659 878 742 καὶπερὶ
899 656 1014 724 τούτων
1032 657 1110 744 πρός
1129 657 1279 744 ἀλλήλους
1296 661 1352 727 διδ

274 755 519 837 διαλεγομένους,
534 757 589 819 καί
599 754 828 840 πρασδοκιμους
842 747 934 830 ὄντας
948 760 1003 820 καί
1012 761 1140 839 βασιλεῖ
1149 759 1350 836 διαλέξεσθαι

273 852 422 939 περὶτοῦ
442 849 488 937 μή
509 854 574 917 δεῖν
594 851 794 937 νεωτερίζειν,
815 847 885 917 ἄλλ’
905 855 960 943 ε’ρῖν
980 850 1035 918 τόν
1056 851 1179 937 ἔγγονον
1198 856 1253 919 ἐπί
1268 848 1372 940 uqi-5

272 973 373 1032 ματος
392 943 481 1031 εἶναι,
502 949 546 1025 ὥς
564 947 708 1033 μεγάλων
727 951 829 1014 κακῶν
849 950 952 1025 αἰτίας
971 953 1118 1036 ἐσομένης
1135 953 1191 1016 καί
1207 956 1352 1038 ταραχῆς

245 1051 334 1135 Βτής
345 1044 736 1134 τοιαότηςδπιχειρήσεως,
747 1048 817 1114 ἐπεὶ
826 1046 912 1129 ἔδοξε
926 1059 1086 1136 καρτερεῖν
1098 1047 1135 1114 τό
1149 1052 1352 1131 μέλλονάπσ-

276 1148 431 1235 βήσεσθαι
450 1150 654 1229 σκοποῦντας,
675 1151 932 1226 ἐξαποστέλλουσι
951 1146 1028 1233 πρός
1049 1148 1173 1237 Θρᾴκην
1191 1148 1255 1214 τόν
1266 1154 1351 1236 Συρ-

274 1248 401 1333 γιάννην
420 1250 476 1333 τῆς
496 1246 598 1331 άρχής
616 1243 893 1331 ἐπιμελησόμενον,
915 1242 1006 1313 αότοί
1024 1248 1060 1313 δὲ
1080 1253 1350 1336 προσεκαρτέρουν

275 1353 312 1437 τῇ
333 1344 584 1413 Romanitas.
624 1347 659 1410 ἐν
678 1343 800 1421 τούτοις
826 1346 861 1410 δὲ
880 1346 944 1410 τάν
963 1345 1157 1431 πραγμάτων
1175 1336 1291 1430 όντων,
1330 1343 1394 1412 όιο

275 1451 374 1531 μέγας
397 1446 597 1519 κυνοσταόλος
618 1439 791 1528 Μιχαήλό
818 1446 979 1528 Τορνίκης,
1011 1443 1167 1529 μητρόθεν
1191 1448 1252 1525 μὲν
1270 1445 1353 1511 κατά

274 1549 362 1631 γένος
378 1543 539 1630 προσήκων
552 1544 596 1630 τῷ
612 1542 813 1630 πρεσβυτέρῳ
829 1545 892 1610 ταῖν
907 1545 1070 1624 βασιλέων,
1091 1540 1147 1606 καὶ
1164 1546 1278 1630 πολλῆς
1297 1540 1352 1609 τό·

275 1643 399 1727 μενείας
415 1638 580 1706 άπολαόων
597 1645 673 1725 παρ’
690 1634 778 1726 αότῷ
791 1639 847 1704 καί
859 1644 950 1723 τιμής
967 1640 1004 1704 οδ
1019 1641 1115 1722 μόνον
1133 1641 1186 1705 διά
1201 1638 1259 1728 τήν
1275 1667 1354 1727 συγ-

276 1745 406 1825 γένειαν,
422 1740 491 1804 ἀλλ’
507 1734 554 1803 ότι
568 1741 624 1803 καί
638 1734 753 1824 φρενός
769 1729 809 1820 ήν
823 1738 956 1819 βαθείαις
971 1742 1028 1802 καί
1040 1735 1114 1814 τεός
1127 1734 1260 1824 τρόπους
1273 1741 1354 1824 α’γα-

277 1838 338 1917 θός
353 1836 501 1925 καὶπρὸς
516 1834 573 1912 τάς
585 1838 740 1920 ἐπαρχίας
753 1828 800 1900 ὧν
814 1828 903 1921 η’ρξε,Ι
919 1836 1073 1918 βασιλέως
1084 1835 1235 1919 διδόντος,
1261 1841 1394 1905 εὐνα-15

201 1956 230 2021 p.
240 1936 423 2021 ῃμάτατας
436 1934 491 2000 καί
504 1934 746 2009 σπουδαιότατος
763 1934 875 2019 ἐφάνη,
894 1925 980 2009 οὗτος
994 1932 1032 2017 δή
1048 1937 1086 2022 τῇ
1099 1935 1178 2022 πρός
1190 1928 1285 2002 αότόν
1299 1932 1353 2000 εὖ-

278 2035 385 2126 μενείρ
404 2038 463 2099 τοῦ
481 2036 633 2117 βασιλέως
658 2030 843 2119 θαρρήσας,
879 2036 1038 2118 προσήλθό
1060 2059 1094 2099 τε
1122 2033 1178 2098 καὶ
1204 2037 1373 2121 διελέχθη·

278 2131 386 2221 κρόφα
405 2136 479 2219 περί
495 2134 647 2215 βασιλέως
665 2136 723 2196 τοῦ
743 2134 825 2213 νόου,
847 2129 882 2196 τό
897 2126 1013 2197 άτοπον
1028 2131 1071 2208 οἷς
1086 2131 1167 2209 εἰκός
1182 2136 1245 2199 τῶν
1260 2124 1353 2216 μελεὲ

278 2236 426 2314 ταμόνων
444 2228 638 2313 όποδεικνυς,
659 2231 715 2295 καί
733 2229 777 2308 αἱς
796 2218 919 2303 πολλάν
938 2227 1040 2295 ἔσοιτο
1060 2234 1232 2317 συμφοράν
1251 2231 1353 2302 αἴτιον
1404 2286 1408 2291 .

278 2335 318 2419 τῇ
336 2333 480 2419 βασιλείᾳ
494 2330 669 2416 Ῥωμαίων,
691 2322 730 2402 ἄν
750 2353 785 2393 τε
804 2331 995 2416 κατορθωθῇ
1014 2328 1050 2393 τό
1067 2325 1289 2412 μελετώμενον,
1312 2322 1398 2399 niuno

260 2453 316 2511 ‚rc
334 2428 388 2514 μή.
408 2427 493 2494 τόδ’
506 2426 582 2495 αότό
602 2433 695 2494 τοῦτο
716 2426 771 2493 καί
787 2427 965 2512 Μετοχίτης
980 2430 1144 2512 λαγοθέτης
1159 2425 1176 2493 ό
1190 2432 1296 2512 μέγας,
1318 2424 1354 2505 ός

281 2527 456 2610 μεσιτεόων
481 2530 543 2609 μὲν
569 2527 640 2592 τότε
659 2529 699 2615 τῇ
719 2525 869 2610 διοικήσει
888 2529 951 2591 τῶν
976 2528 1146 2610 βασιλικῶν
1165 2523 1354 2615 πραγμάτων

354 2664 392 2700 ιι.
416 2647 613 2705 ιιονυσταῦλοτ,
632 2665 665 2700 ex
690 2651 810 2699 nostrate
835 2644 966 2698 vocabulo
991 2646 1159 2713 wmstabls3
1192 2645 1225 2698 al.
1251 2643 1354 2712 dicitur

349 2717 562 2777 xortoowsilot·
578 2719 639 2777 ΕΒ.
660 2717 691 2774 1³„

282 2837 350 2891 quos
371 2829 426 2874 tum
449 2837 588 2892 proceret,
614 2827 673 2873 tum
695 2821 865 2889 magistratus
886 2817 1001 2872 discidio
1027 2816 1354 2900 imperatorumgrariter

283 2891 401 2955 offendi,
432 2892 668 2962 calamitatumque
696 2891 868 2942 deniirsimos
894 2888 993 2949 imbres
1016 2888 1150 2949 communi
1173 2890 1353 2939 Romanorum

284 2961 349 3015 imle
377 2971 513 3026 metuere,
544 2969 572 3014 et
587 2978 633 3029 eas
652 2961 753 3021 crebris
777 2975 907 3030 usurpare
930 2958 1112 3021 sermonibus,
1139 2956 1352 3025 exspectarique,

283 3038 326 3084 ut'
337 3030 421 3085 iidem
440 3048 500 3084 eum
518 3034 680 3100 imperatore
701 3038 826 3100 agerent,
850 3046 885 3081 ne
903 3028 970 3098 quid
987 3029 1051 3080 novi
1079 3036 1107 3080 et
1135 3028 1257 3079 inusitati
1275 3028 1356 3078 ince-

281 3110 384 3172 ptaret:
408 3102 456 3155 sed
473 3104 567 3173 nepoti
586 3108 744 3153 ornamenta
761 3101 933 3170 imperatoria
950 3101 1132 3167 permitteret3
1155 3095 1229 3168 quod
1249 3095 1354 3166 alioqui

284 3174 391 3225 molitio
410 3175 482 3225 senis
499 3174 650 3241 ingentium
670 3168 903 3233 incommodorum
919 3185 950 3220 ae
965 3176 1086 3220 motuum
1103 3167 1195 3230 lutura
1210 3173 1280 3227 estet
1295 3182 1356 3216 ma-

284 3243 369 3305 teria,
394 3240 544 3294 durandum
564 3250 593 3294 et
629 3258 663 3293 uo
689 3257 730 3293 reo
750 3237 877 3292 evaderet
893 3238 1087 3291 observandum
1108 3253 1165 3288 osse
1182 3244 1354 3299 censuerunt
1433 3292 1436 3297 g

283 3312 379 3382 Itaque
399 3312 546 3380 Syrgianne
570 3312 600 3362 in
643 3310 761 3363 bracium
778 3309 813 3361 acl
836 3310 1020 3378 praefecturae
1037 3324 1101 3360 suae
1117 3323 1213 3358 munus
1233 3306 1354 3368 dimisso,

281 3383 366 3434 ceteri
382 3379 616 3451 Constantinopoli
634 3380 745 3433 haerere
763 3387 950 3449 perseverant·
978 3379 1008 3430 ln
1032 3377 1085 3430 hoe
1100 3393 1189 3429 rerum
1206 3383 1279 3435 statu
1296 3392 1355 3426 rna-

268 3450 348 3520 'gnus
370 3452 554 3503 contestaulue
577 3450 696 3503 Michael
713 3451 843 3505 'fornices
868 3448 928 3519 (qui
947 3457 1069 3509 materno
1089 3463 1186 3514 genere
1204 3448 1355 3514 imperoto-

280 3536 338 3573 rem
361 3522 498 3573 seniorem
515 3522 584 3573 attin
603 3521 680 3585 ebat,
707 3537 758 3572 nec
776 3528 940 3589 postremum
959 3519 1057 3587 gratiae
1075 3524 1104 3577 et
1123 3515 1293 3580 auctoritatis
1309 3515 1355 3566 lo·

130 3654 134 3663 .
177 3585 180 3597 ’
281 3609 342 3647 eum
360 3590 432 3659 apud
450 3607 511 3642 eum
530 3598 593 3643 tene
614 3599 658 3655 at,
684 3608 740 3642 non
758 3597 864 3642 tantum
884 3591 949 3661 quia
967 3596 1108 3658 cognatus,
1135 3586 1184 3639 sed
1211 3584 1274 3654 quia
1297 3602 1355 3636 non

280 3661 383 3730 vulgari
401 3659 556 3728 prudentia,
575 3668 603 3712 et
620 3677 723 3712 morum
741 3660 878 3728 probitate
902 3660 1037 3729 egregius,
1063 3666 1147 3728 atque
1165 3672 1180 3707 a
1198 3654 1356 3726 provinciis,

283 3748 349 3802 quas
375 3731 544 3799 imperatoris
569 3747 695 3784 concessu
724 3730 937 3797 administrarat,
969 3729 1112 3799 aequitatis
1140 3735 1169 3779 et
1191 3727 1358 3794 integritatis¹

285 3799 393 3852 laudem
408 3801 548 3852 maximnm
560 3800 753 3871 reportaverat)
770 3798 816 3851 hic
834 3801 917 3868 igitur
938 3797 1022 3851 fretus
1037 3816 1068 3850 ea
1084 3799 1181 3868 gratia,
1210 3812 1263 3866 qua
1279 3795 1357 3849 valeff

285 3868 349 3932 bat,
372 3872 441 3922 elam
464 3871 525 3922 aliis
551 3870 586 3922 ad
609 3872 797 3940 imperatorem
817 3871 945 3930 accessit,
978 3877 1006 3921 et
1029 3874 1141 3920 enm'eo
1160 3882 1239 3934 anper
1256 3872 1358 3933 nepote

285 3939 443 4003 collocutus,
468 3959 549 4011 quam
574 3942 698 3992 alienun
722 3941 826 3992 ratione
843 3945 974 4001 tentaret,
1000 3956 1056 3990 non
1073 3938 1208 3988 immerito
1227 3934 1358 3999 ostendit,

284 4027 418 4080 quamque
441 4011 525 4062 varias
549 4013 579 4064 in
603 4011 745 4081 imperinm
763 4011 910 4062 Romanum
935 4009 1101 4060 calamitates
1119 4004 1273 4068 inveheret,
1301 4006 1358 4056 sire

282 4079 413 4147 meditata
431 4081 563 4143 feliciter,
588 4080 643 4132 sive
658 4081 843 4141 contrairent,
861 4079 1062 4134 demonstravit,
1097 4076 1128 4128 ld
1146 4078 1235 4145 ipsum
1252 4083 1280 4126 et
1297 4092 1356 4132 ma·

123 4202 128 4215 ¹
158 4160 184 4213 ,⁴
283 4167 350 4219 gnus
369 4149 507 4219 logotheta
522 4149 683 4209 Metochites
701 4152 855 4220 praestitit,
875 4151 924 4223 qui
944 4157 1001 4200 tum
1016 4148 1125 4199 domum
1145 4147 1357 4215 imperatoriam.

285 4222 343 4290 'gire
359 4221 448 4275 aulam
465 4220 589 4294 regebat,
594 4221 650 4295 irir
666 4221 770 4293 alioqui
785 4221 880 4285 solers,
898 4228 926 4285 et
943 4235 999 4273 non
1015 4216 1176 4281 Christianis
1192 4214 1290 4281 modo,
1308 4213 1360 4281 sect¹
