3000 4742
510 318 790 384 msaoamaun
819 322 844 380 t.
866 322 915 389 ει.
1167 289 1248 376 255

260 475 308 540 νύ.
345 471 397 549 Ὡς
419 473 454 536 δέ
475 470 576 535 ἐδόκει
600 473 726 557 πρῶτον
754 474 800 547 είς
819 465 994 550 Βυζάντιον
1012 473 1132 555 έλθεϊν,
1153 463 1319 557 siper-M„
1334 489 1401 560 1327

175 596 228 648 τις
249 573 285 635 ἐκ
301 567 429 655 Ῥηχιου
450 565 517 650 έίμα
537 571 726 654 τριακοσίοις
744 568 800 633 καί
812 571 927 651 χιλίοις
949 567 1086 652 λοχόσιτ,
1108 564 1289 658 οδςῆγον,(;

175 671 233 757 τῆν
253 674 287 746 ἐς
307 666 483 747 Βυζάντιον
508 670 703 753 ἐπορεύοντο.
738 666 820 749 μετὰ
840 670 876 734 δέ
892 666 927 733 τό
947 664 1006 751 τῆν
1021 661 1136 733 αύτόθι
1154 675 1297 757 pipo-v,
1317 700 1367 752 ης

176 795 235 855 ραν
259 772 414 848 διελθεῖν,
448 765 534 852 παρὰ
561 770 624 832 τῶν
644 768 678 832 ἐν
701 765 867 856 Βυζαντίῳ
890 768 1045 850 βασιλέως
1072 769 1173 851 φιλων
1199 764 1255 856 ἧκε

153 870 341 955 ὅχράμματα
362 864 442 951 πρός
462 870 611 949 βασιλέα,
639 865 742 930 πάντα
766 864 846 930 κατὰ
862 869 960 952 μέρος
984 864 1149 948 διεξιόντα,
1171 864 1256 946 ὅπως
1400 940 1405 952 .

173 991 207 1033 τε
239 964 269 1031 οἱ
303 960 474 1054 ἀφιγμένοι
506 969 652 1052 πρέσβεις
678 966 755 1029 οὐδ’
780 965 961 1052 ἐρωτήσεως
993 961 1070 1052 πρὸς
1100 966 1256 1047 βασιλέως

175 1061 339 1145 ἀξιωθεῖεν
363 1066 422 1130 τοῦ
443 1067 675 1152 πρεσβυτέρου,
704 1058 766 1128 ὅσα
789 1088 822 1129 τε
840 1063 1039 1149 δυσχεράνας
1065 1063 1257 1151 ὅπατριόρ-
1307 1055 1310 1060 ’

174 1191 235 1250 χῆς
256 1162 367 1229 τούτου
384 1167 475 1228 ἓνεκα
492 1161 576 1228 εἴποι
589 1159 666 1250 πρός
684 1166 819 1246 βασιλέα
841 1161 896 1227 καί
912 1153 958 1227 ὧν
975 1161 1069 1246 τύχοι
1088 1166 1152 1229 τῶν
1176 1164 1257 1228 εἶπο-

176 1266 322 1350 ιιρίσειυν,
343 1266 397 1328 καί
412 1269 605 1344 τελευταῖον,
627 1261 671 1338 τός
686 1256 783 1339 αύτός
804 1287 838 1327 τε
858 1264 913 1325 καί
930 1259 960 1326 οἱ
980 1260 1256 1345 συμμετασχόντες

140 1363 264 1451 soerias?
276 1366 330 1447 τῆς
346 1357 423 1448 πρὸς
442 1364 575 1443 βασιλέα
597 1362 766 1443 α’πολομας
782 1358 947 1445 εἷρχθεῖεν.
974 1362 1016 1449 τῷ
1028 1364 1087 1443 μὲν
1101 1354 1158 1426 σύν
1178 1363 1289 1444 πέμ-1)

177 1482 274 1546 ψαντι
299 1459 337 1526 τό
364 1461 536 1546 γράμματα
564 1457 714 1543 βασιλεύς
742 1458 797 1523 διό
827 1461 887 1524 τού
911 1457 1106 1541 κεκομικότος
1129 1462 1184 1545 τῆς
1213 1462 1258 1536 εἰς

176 1559 273 1626 αὐτόν
293 1559 415 1634 εύνοίας
439 1560 612 1642 ἀπέπεμπε
626 1556 761 1644 χάριτας
779 1555 907 1639 πολλός,
928 1567 993 1634 τοῖς
1007 1559 1043 1622 δέ
1063 1560 1144 1645 ἄμφ’
1160 1557 1258 1624 αύτόν

174 1664 297 1728 ἐκέλευε
326 1656 366 1724 τοὶ
392 1653 473 1722 ὅπλα
490 1660 702 1743 περιθέσθαι,
740 1661 878 1738 νομίζων
885 1668 910 1739 ,’
927 1657 985 1721 ούκ
1010 1650 1153 1743 ἆσφαλὲς
1177 1651 1258 1722 εἶναι

175 1760 253 1824 οὔδ’
276 1757 441 1839 ἐμπειρίας
460 1760 683 1841 στρατιωτικῆς
708 1755 761 1820 διὰ
779 1759 931 1837 πολεμίας
952 1752 1055 1832 ἰόντας
1075 1755 1275 1843 ἅφρύκτους“

138 1865 302 1942 ι5χωρεῖν·
330 1856 385 1918 καί
405 1852 575 1932 ὁπλίζοντο
592 1851 702 1930 πάντες
721 1846 742 1942 ᾗ
760 1853 1030 1940 προσετύχθῆοαν.
1061 1850 1274 1940 nitidula-1

177 1956 246 2020 σίον
267 1953 407 2036 ἐγένοντο
420 1955 484 2017 τῶν
500 1951 681 2030 Βυζαντίου
698 1955 822 2036 τειχῶν,
842 1951 900 2038 τῆν
918 1952 1072 2041 στρατιόυ
1085 1956 1145 2036 μὲν
1164 1951 1256 2037 έστη-

177 2077 214 2119 σε
234 2049 384 2135 βασιλεύς
408 2051 570 2137 ἀπωτέρω·
603 2044 699 2129 αύτός
722 2055 743 2116 δ
749 2057 759 2082 ³
784 2049 853 2134 ἅμα
874 2056 918 2142 ,τῷ
941 2051 1065 2142 μεγάλῳ
1087 2051 1256 2141 δομεστιλιρι

176 2150 234 2215 καί
249 2149 504 2238 πρωτοστρύτορι
530 2146 585 2214 καὶ
605 2145 800 2236 στρατιώτας
819 2147 947 2236 ἑτέρους
966 2152 1130 2238 τριάκοντα
1153 2178 1258 2238 παρα-

176 2246 301 2332 λαβιύν,
320 2240 418 2334 ῆλθεν
436 2245 529 2333 ἐγγύς
553 2252 666 2333 τειχῶν
685 2246 772 2334 παρὰ
790 2247 849 2334 τῆν
868 2253 924 2335 τῆς
943 2255 975 2317 Γ
972 2254 1140 2337 υρολίμνης
1159 2273 1258 2336 προσ-

137 2350 403 2435 σοαχορευομένῆν
432 2345 543 2435 πύλῆν.
570 2352 624 2434 ἐφ’
644 2341 690 2414 οἷν
708 2343 800 2414 ἄλλοι
818 2374 853 2414 τε
873 2345 954 2434 ἦσαν
973 2351 1163 2434 ὠπλισμένοι
1182 2357 1257 2415 πολ-

78 2471 80 2478 *
176 2448 228 2512 λοί
246 2445 301 2513 καί
319 2442 429 2532 ἅρχων
456 2448 560 2514 αύτεόν
585 2446 677 2532 δτῆς
702 2451 867 2535 βασιλικῆς
894 2452 1049 2536 τραπέζης
1079 2451 1258 2532 δομέστικος

179 2550 292 2623 Φωκεῖς
322 2545 554 2634 ύΜαροόλης,
585 2544 621 2614 όν
648 2545 744 2625 αύτός
775 2550 818 2612 δι’
844 2543 963 2613 ἑαυτοῦ
989 2546 1256 2636 προσηγόρευενὸ

177 2643 334 2731 βασιλεύς.
376 2645 392 2710 ὁ
413 2649 450 2711 δ’
473 2646 661 2732 ἀπεκρίνατο
680 2648 740 2728 μὲν
761 2648 869 2729 οὐδέν,
901 2647 1085 2734 προσεκύνει
1105 2650 1140 2713 δὲ
1160 2648 1285 2729 μόνονλ).
1293 2661 1347 2724 158

181 2746 260 2830 σιχῆ.
300 2744 347 2825 τό,
355 2769 389 2808 τε
418 2743 479 2832 γὰρ
507 2742 550 2822 ὥς
578 2750 712 2828 βασιλέα
732 2749 788 2811 κατ’
812 2742 965 2831 δεσπότην
991 2742 1110 2811 ἑαυτοῦ
1131 2748 1199 2822 δέος
1220 2746 1258 2809 οδ

139 2841 291 2930 ηὸμικρόν
310 2843 440 2909 ἐνεποίει
462 2848 723 2933 προσαγορεύσαι,
743 2843 801 2930 τῆν
817 2847 856 2911 dx
873 2845 1028 2927 βασιλέως
1044 2846 1101 2908 τού
1121 2848 1259 2928 πρεσβυ-

249 3045 290 3098 51.
327 3045 363 3099 Ut
380 3047 497 3115 primum
514 3056 668 3101 statuerunt
685 3049 844 3116 Byzantium
869 3054 972 3116 petere,
995 3045 1076 3095 motis
1093 3041 1194 3114 Rhegio
1212 3061 1258 3097 ca-

178 3115 258 3178 stris,
275 3131 308 3167 eo
329 3117 506 3171 intenderunt
532 3137 592 3171 eum
616 3119 691 3170 mille
710 3119 857 3179 trecentis,
885 3133 952 3187 quos
971 3114 1126 3174 ducebant,
1151 3116 1258 3167 selectis

178 3185 321 3244 militibus.
357 3187 441 3239 Ponte
460 3192 593 3252 transito,
613 3188 648 3239 ab
667 3189 762 3239 amicis
781 3205 814 3238 ex
832 3187 899 3238 urbe
917 3187 1030 3237 veniunt
1050 3185 1174 3244 litterae,
1194 3202 1259 3255 spc-

179 3258 270 3307 cistim
289 3257 380 3309 omnia
399 3255 590 3321 recensentes,
615 3257 752 3329 quomodo
771 3274 834 3308 avus
853 3259 953 3327 legatos
972 3272 1093 3307 reversos
1117 3274 1152 3308 ne
1171 3257 1258 3308 inter-

179 3343 271 3395 rogare
291 3328 402 3396 quidem
429 3330 554 3399 dignatus
573 3329 683 3392 luisset3
713 3335 740 3379 et
768 3344 899 3397 quaenam
919 3324 1071 3396 patriarcba
1088 3326 1124 3378 ob
1146 3327 1175 3378 id
1195 3343 1258 3378 suc-

179 3412 289 3449 censens
307 3399 333 3448 ci
353 3399 470 3463 dixerit;
488 3400 555 3472 quid
572 3415 729 3469 responsum
747 3400 796 3462 sit3
815 3415 845 3448 ac
862 3408 1007 3468 postremo,
1024 3405 1056 3448 ut
1075 3396 1133 3466 ipse
1145 3405 1173 3449 et
1190 3398 1258 3449 socii

178 3466 341 3535 respondere
358 3471 513 3537 imperatori
528 3471 629 3522 iuniori
649 3467 784 3538 prohibiti
803 3469 866 3521 sint
886 3470 918 3519 Ei
937 3468 1027 3536 igitur,
1047 3485 1063 3518 a
1081 3485 1135 3537 quo
1153 3468 1258 3519 litteras

179 3547 332 3605 acceperat,
352 3545 401 3609 per
418 3541 497 3592 illum
515 3541 612 3610 ipsum,
631 3540 678 3610 qui
697 3540 834 3601 attulerat,
862 3537 896 3590 tle
914 3537 1105 3589 benevolentia
1123 3539 1259 3591 declarata

178 3607 275 3677 gratias
293 3610 415 3679 ingentes
436 3612 507 3681 egit:
532 3629 595 3664 suos
614 3628 686 3662 arma
704 3608 819 3661 induere
842 3609 939 3671 iussit,
967 3617 1055 3668 ratus,
1081 3625 1132 3660 nec
1157 3616 1257 3670 tutum,

177 3695 229 3730 nce
245 3679 305 3728 usai
321 3675 433 3733 militari
449 3691 676 3742 consentaneum,
696 3696 745 3749 per
765 3679 875 3732 hostilia
893 3680 952 3730 loca
982 3679 1098 3732 inermes
1120 3677 1259 3736 incedere.

177 3750 214 3801 Ut
232 3751 300 3799 muri
320 3752 441 3817 Byzantii
463 3755 492 3804 in
514 3760 659 3822 conspeetu
684 3752 813 3812 fuerunt,
842 3751 990 3801 exercitum
1017 3750 1164 3817 imperator
1186 3749 1259 3800 ultra

178 3818 326 3885 procedere
344 3825 446 3873 vetuit:
470 3825 544 3892 ipse,
562 3839 658 3893 magno
676 3820 825 3873 domestico
844 3830 873 3873 et
890 3827 1084 3888 protostratore
1102 3817 1258 3880 comitibus,

179 3895 318 3953 practerea
344 3893 455 3974 triginta
486 3894 636 3955 militibus,
676 3892 879 3963 quamproxime
908 3891 982 3941 iuxta
1011 3898 1116 3958 portam
1148 3883 1258 3962 Gyroli-

180 3959 280 4009 mulam
298 3970 415 4012 accessit.
452 3964 483 4014 in
501 3967 584 4015 muris
608 3980 667 4016 cum
687 3963 735 4014 alii
755 3963 835 4012 multi
853 3959 1107 4030 conspiciebantur,
1127 3965 1184 4009 tum
1203 3960 1259 4011 dux

181 4042 275 4079 eorum
292 4027 390 4081 Phecss
410 4032 544 4096 Marulcs,
571 4047 679 4086 mensae
698 4033 887 4101 imperatoriae
905 4030 1087 4093 domesticus,
1111 4046 1191 4101 quem
1210 4046 1259 4081 ore

179 4114 229 4149 suo
250 4097 376 4166 salutavit
400 4103 553 4172 imperator.
590 4105 640 4155 llle
663 4101 734 4153 nibil
751 4102 937 4171 respondens,
961 4101 1048 4170 capite
1068 4100 1257 4153 tantummodo

177 4167 312 4220 inclinato
329 4168 576 4226 honeremhabuit
595 4174 702 4226 Etenim
721 4181 753 4223 ut
769 4173 959 4241 imperatorem
975 4189 1006 4222 ac
1020 4167 1159 4242 dominum
1178 4185 1257 4220 suum

177 4239 305 4303 ’duim'
323 4257 358 4293 ne
378 4244 479 4298 seniori
498 4261 598 4315 poenas
615 4244 706 4306 daret,
724 4241 871 4296 admodum
888 4239 1097 4295 reformidabat:
1118 4248 1147 4293 et
1165 4249 1257 4308 gerere
