3000 4742
261 267 359 333 xvttt
697 258 722 318 l.
750 253 928 322 Ponitur

261 435 373 516 dicere,
394 450 488 517 ροοαα
501 429 527 492 ai
540 447 591 492 eas
604 424 787 511 prudentes,
808 429 964 512 copiosas,
987 450 1213 516 nervorumque
1225 452 1261 496 oc
1274 454 1344 497 san·

260 537 360 621 guinis
381 533 507 619 plenas,
545 540 578 592 et
595 530 719 592 omnino
741 524 990 612 ῥητορικωτίρας
1012 529 1126 594 dixero.
1182 532 1346 597 Praeterea

259 634 311 699 hic
332 632 468 699 invenire
480 640 526 693 est
545 626 629 691 locos
643 646 818 690 communes
830 638 975 693 tractatos
989 632 1127 713 egregie,
1156 635 1231 695 scite
1252 634 1346 715 dicta,

259 734 428 820 paroemias
450 752 513 794 non
536 729 696 814 vulgaras,
730 728 895 791 celebrium
919 730 1101 814 scriptorum
1122 734 1168 815 (nt
1189 732 1229 795 de
1253 737 1346 797 sacris
1429 795 1436 810 ,

260 845 375 896 taceam
387 831 409 913 ),
419 832 592 911 sententias,
619 828 744 894 fabellas
758 829 874 913 aliquot
892 829 1007 913 lepidas
1033 843 1065 893 ct
1080 831 1199 895 adrem
1218 834 1346 897 demon-

260 932 415 995 strandam
429 932 601 1016 appositas:
624 950 720 1015 quas,
750 940 786 992 ut
803 932 873 1010 scis,
895 929 1151 1015 Philosophorum
1165 933 1210 995 ith·
1226 936 1345 997 antisti·

259 1042 318 1110 tes,
337 1029 426 1094 Plato
447 1043 478 1094 et
492 1030 683 1110 Aristoteles,
704 1032 880 1114 nentiquam
899 1033 1134 1095 contemnendas
1153 1012 1346 1102 censuerint.

260 1132 389 1216 capient
404 1144 435 1194 te
450 1130 535 1212 item,
556 1153 632 1217 quas
648 1133 776 1194 siricum
791 1131 923 1215 attingit,
943 1131 1097 1209 Romanae
1111 1132 1270 1197 historiae:
1292 1154 1344 1196 ca·

259 1234 345 1317 pient
362 1234 439 1295 varii
461 1235 557 1295 ritus:
589 1233 709 1315 capient
728 1252 805 1315 quos
829 1232 936 1293 miscet
957 1233 1128 1295 animorum
1143 1244 1256 1313 motus,
1276 1245 1344 1295 tum

260 1329 343 1395 lenes
369 1354 405 1394 ac
426 1331 540 1413 sedati,
570 1352 647 1416 quoe
668 1319 732 1414 ἤθη
755 1332 881 1411 Graeci,
915 1342 983 1392 tum
1011 1352 1118 1416 graves
1136 1332 1183 1394 illi
1220 1344 1251 1395 et
1277 1354 1346 1395 oon·

258 1432 363 1511 citati,
392 1453 468 1515 quos
496 1431 588 1493 iidem
614 1428 701 1513 πάθη
731 1442 863 1493 vocant:
902 1432 1023 1513 capient
1045 1432 1261 1516 descriptiones
1282 1431 1341 1494 ali·

259 1541 336 1614 quot
364 1532 516 1614 insigues:
538 1533 658 1614 capient
679 1529 739 1593 alia
761 1530 884 1592 demum
907 1530 1048 1614 plurima.
1089 1534 1206 1613 Quodsi
1240 1556 1345 1595 rerum

258 1631 390 1692 venetas
402 1629 549 1710 delectat,
579 1628 618 1691 de
637 1651 699 1712 quo
716 1650 807 1692 nemo
831 1629 971 1710 dubitat,
1000 1652 1036 1693 ea
1055 1652 1128 1695 sane
1147 1633 1197 1695 hic
1217 1633 1345 1698 mirifica

258 1728 412 1808 cernitur,
433 1740 469 1790 nt
486 1727 674 1812 singulorum
693 1727 842 1789 librorum
859 1728 1031 1812 periochae,
1053 1752 1106 1793 seu
1127 1734 1276 1815 epitomae
1296 1735 1344 1794 in-

257 1826 413 1894 dicabunt,
456 1827 615 1910 Episcopis
637 1824 756 1887 debitus
776 1826 894 1905 honos,
923 1838 955 1888 et
972 1832 1140 1891 reverentia
1160 1831 1210 1892 hic
1234 1832 1345 1893 trihni·

257 1936 320 1988 tur.
372 1922 529 1986 Catholica
550 1925 703 2002 instituta,
735 1925 983 2006 ceremoniasque
1010 1929 1052 1987 ita
1079 1940 1149 1990 sum
1176 1952 1232 2012 per
1255 1930 1348 1993 hosce

258 2025 354 2089 libros
378 2021 551 2104 luculenta,
592 2031 628 2082 ut
654 2041 716 2082 non
742 2031 828 2104 optes
853 2025 958 2105 magis.
1000 2024 1160 2106 inprimis
1188 2049 1264 2089 vero
1285 2030 1343 2091 Dei

259 2127 360 2190 Mater
384 2144 502 2186 mmma
520 2123 553 2184 in
578 2121 773 2183 veneratione
798 2131 861 2183 este
896 2121 946 2181 eui
966 2123 1057 2183 etiam
1077 2124 1152 2186 urbs
1174 2135 1240 2187 tota
1263 2128 1345 2189 Con·

258 2220 468 2308 mantinopolis
486 2243 504 2285 a
525 2221 722 2283 Constantino
740 2222 854 2304 Magno
877 2222 1054 2301 commissa,
1090 2243 1126 2285 ac
1141 2223 1279 2287 dedicata
1300 2227 1345 2289 le-

260 2327 353 2411 gium.
402 2323 476 2389 vita
494 2323 659 2384 monastica
685 2330 730 2381 est
751 2318 798 2380 illi
828 2318 961 2402 πρᾶγμα
985 2316 1078 2383 καλὸν
1103 2317 1159 2384 καί
1184 2324 1344 2409 θεοφιλὲς,

259 2416 435 2507 ἀπράγμων
464 2420 520 2483 καί
541 2413 656 2500 μεστὸς
677 2411 815 2502 γαλήνης
843 2418 931 2499 βίος,
965 2414 1138 2503 ἀκρότατος
1167 2418 1255 2504 βίος,
1291 2421 1347 2487 καί

184 2528 187 2539 ’
258 2518 430 2605 τελεωτάτη
449 2515 590 2583 πολιτείαν
596 2566 608 2598 ,
642 2510 731 2581 teth
748 2538 781 2579 τι
807 2517 921 2601 χρῆμα
953 2517 1009 2580 καί
1027 2512 1129 2602 ἱερὸν,
1157 2521 1343 2607 φιλοσοφία,

260 2620 317 2685 ναί
341 2619 416 2704 περί
436 2613 592 2704 οὐρανίων
620 2610 814 2701 πραγμάτων
850 2616 981 2698 γνῶσις,
1014 2611 1106 2701 ἔργον
1131 2612 1256 2703 ὕψηλόν
1289 2621 1346 2684 καί

260 2714 320 2803 τήν
344 2714 547 2806 ἀνθρωπίνην
570 2709 761 2799 inspectior
782 2710 937 2796 δύναμιν,
966 2710 1038 2802 ἱεροὶ
1056 2711 1186 2801 ἦοοχία.
1227 2720 1264 2783 ld
1284 2732 1342 2800 est,

259 2840 312 2882 res
335 2821 467 2884 honesta
483 2865 498 2894 ,
542 2831 573 2882 ct
599 2816 669 2881 Deo
694 2814 860 2892 amabilis,
898 2819 967 2879 cita
991 2821 1125 2900 negotiis
1144 2840 1267 2894 vacua,
1311 2834 1343 2884 ct

261 2920 503 3005 tranquillitatis
525 2918 642 3007 plena,
678 2936 858 3002 supremum
901 2937 941 2982 ac
972 2915 1236 3002 perfectissimum
1257 2920 1342 2982 citae
1450 2972 1452 2977 .

259 3018 438 3082 insiticium
446 3064 460 3093 ,
483 3038 535 3080 res
550 3030 660 3082 sancta
696 3028 728 3079 ct
742 3012 870 3090 divitia,
903 3017 1126 3103 philosophia,
1148 3031 1181 3081 ct
1205 3018 1342 3099 cognitio

260 3136 368 3180 rerum
387 3118 588 3193 coelestium,
619 3138 699 3201 opus
721 3115 875 3190 sublime,
915 3129 946 3180 ct
968 3117 1113 3179 humanit
1136 3118 1260 3180 viribus
1277 3138 1343 3179 ma·

260 3216 331 3289 ius,
362 3218 450 3299 quies
472 3230 591 3286 saneta.
632 3219 769 3280 Montem
786 3237 878 3299 porro
899 3215 1003 3295 Atho,
1024 3216 1063 3278 ad
1080 3238 1171 3299 quem
1186 3214 1343 3299 complura

261 3315 417 3378 aedificata
441 3317 642 3395 monasteria,
674 3319 707 3378 in
724 3317 835 3400 quibus
863 3318 969 3399 ingens
996 3315 1214 3377 monachorum
1238 3313 1343 3377 mitti-

260 3414 356 3494 tudo,
386 3408 476 3477 πόλον
496 3410 660 3498 criptum,
690 3417 855 3479 coetestem
878 3415 1035 3477 civitatem
1054 3416 1201 3481 nominat.
1241 3414 1343 3476 Fucos

261 3511 331 3575 illos
349 3512 561 3596 scholasticos,
593 3512 649 3577 καί
669 3509 729 3588 τὰς
750 3507 926 3597 ληκύθους,
965 3524 996 3577 et
1018 3516 1173 3597 pigmenta
1193 3514 1344 3576 Isocraten

260 3632 324 3676 non
343 3612 437 3677 hahet
455 3613 529 3677 haec
544 3615 690 3677 historia:
719 3613 773 3676 sed
794 3624 935 3675 ornatum
952 3614 1114 3696 quemdam
1133 3612 1344 3691 matronalem,

261 3712 442 3798 virilemque
472 3736 507 3776 ec
531 3714 687 3776 robustam
704 3712 893 3798 elegantiam.
933 3714 1093 3777 Schemate
1112 3714 1261 3798 quaedam
1273 3734 1343 3775 ora·

262 3814 362 3895 toria,
395 3822 426 3876 et
444 3813 595 3877 Atticismi
616 3836 679 3878 non
701 3816 823 3899 penitus
841 3814 962 3876 absunt.
1014 3815 1132 3899 Lingua
1154 3817 1259 3899 purior
1285 3823 1342 3892 est,

233 3918 356 3996 *quam
378 3935 436 3997 pro
459 3913 512 3977 illa
533 3925 648 3993 aetate,
676 3936 739 3975 non
762 3935 832 3977 cum
848 3910 926 3976 lacte
943 3916 1070 3976 nutricia
1085 3915 1211 3995 hausta;
1238 3912 1291 3975 sed
1307 3934 1343 3974 ex

262 4010 349 4076 libris
372 4025 514 4098 percepta
535 4013 686 4083 videlicet.
743 4014 823 4077 llam
844 4012 898 4076 illo
921 4013 1040 4076 saeculo
1068 4013 1140 4097 (sub
1161 4012 1343 4076 Andronicis

263 4112 408 4177 nimImm
436 4125 467 4176 et
481 4115 585 4199 antea)
603 4132 665 4178 non
687 4114 879 4178 mediocriter
898 4113 1098 4197 infuscatam,
1119 4124 1149 4178 et
1163 4114 1342 4178 mutationes
