3000 4742
261 252 345 336 308
693 272 899 338 tentonus

256 433 374 488 Romani
399 430 505 486 eudem
528 427 727 500 accipiunt(8).
763 431 847 481 Amor
864 429 1040 498 imperatoris
1064 428 1096 480 in
1117 428 1340 483 Cantacuzenunt

256 503 430 557 declaratus.-
449 514 476 553 et
510 519 545 553 uo
561 512 644 569 pacto
663 505 759 566 perse
777 514 882 569 perque
902 499 975 550 alios
991 498 1145 559 laborarit,
1164 511 1273 551 ut·eum
1288 501 1339 550 ins-

253 576 329 646 perii
345 574 477 641 collegam
491 520 615 620 baberet.
651 569 703 619 Ille
723 581 816 620 tamen
838 568 982 637 singulari
998 566 1133 619 modestia
1152 568 1272 619 oblatam
1296 565 1340 618 di·

255 646 390 715 gnitatcm
413 656 518 706 semper
541 636 669 707 repudiat
679 636 727 706 (9).
765 636 921 688 Zacharias
943 638 1095 689 Genuensis
1113 636 1209 689 Chium
1238 637 1272 688 ab
1290 641 1341 690 iss·

254 725 384 783 peratore
408 710 516 761 seniore
541 724 716 768 concessam,
746 708 800 759 sili
826 707 998 776 posterisque
1022 709 1080 758 suis
1100 709 1243 775 propriam
1251 706 1337 778 fiscis.

259 781 416 835 Calothetus
433 776 552 847 dynasta
569 779 654 829 matri
671 779 767 845 magni
785 775 929 829 domestici
952 778 1011 828 eius
1029 775 1236 844 recuperandae
1262 779 1338 828 uiam

254 849 353 923 pandit
371 862 397 901 et
420 850 455 900 in
469 864 602 909 eamrem
629 848 766 897 auxilium
785 864 862 898 suum
877 845 1036 915 pollicetur.
1075 846 1228 897 Consilium
1247 844 1339 900 dome·

256 922 334 982 stici,
361 915 495 989 quomodo
518 914 654 986 agendum
678 933 738 969 cum
762 916 905 977 Martino,
930 915 980 985 qui
1002 927 1068 967 tunc
1092 915 1212 967 insulam
1230 916 1336 969 obtine·

256 986 377 1058 bat(to).
420 992 530 1054 Quanto
559 988 675 1036 navium
703 1001 816 1043 numero
836 997 863 1037 et
887 984 1014 1052 qualibus
1032 984 1149 1053 epibatis
1175 983 1267 1038 eadem
1286 1002 1339 1035 na·

255 1060 389 1127 vigetum
426 1054 636 1108 Nauarchorum
654 1054 686 1106 in
703 1068 854 1124 apparatus
869 1070 970 1124 pompa
993 1053 1154 1107 aemulatio.
1195 1053 1337 1108 Conditio-

255 1145 321 1188 nes,
338 1126 436 1199 quibus
456 1126 606 1194 imperator
622 1125 747 1177 Martiuo
767 1126 878 1177 insulae
893 1122 1096 1193 praefecturam
1116 1125 1337 1193 relinqueresn-

255 1198 318 1249 Iuit.
361 1193 526 1248 Benedictus
541 1196 683 1247 castellum
702 1193 806 1252 tradit.
843 1195 986 1246 Martinus
1001 1211 1110 1264 quoque
1128 1212 1155 1247 se
1173 1193 1274 1248 dedens
1291 1194 1337 1247 hc·

256 1265 357 1336 aeficio
383 1263 524 1317 domestici
544 1277 654 1316 mortem
680 1261 795 1314 evadit:
826 1265 881 1332 ipse
909 1264 940 1315 in
957 1280 1096 1315 carcerem
1116 1262 1248 1326 suscitar,
1268 1281 1338 1317 uxor

256 1348 283 1386 et
291 1334 407 1406 familia
426 1337 512 1387 solnm
528 1345 655 1394 vertunt,
673 1333 774 1384 milites
793 1335 863 1394 eius,
884 1330 951 1384 data
971 1332 1075 1394 venia,
1093 1349 1128 1384 ex
1146 1333 1252 1386 duabus
1270 1351 1337 1385 con-

256 1404 411 1456 ditionibus
438 1404 615 1473 posteriorem
645 1402 777 1471 eligunt.'
800 1403 956 1470 Imperator
981 1404 1065 1454 etiam
1096 1403 1337 1462 benevolentibus,

256 1492 314 1525 non
334 1474 509 1525 benemeritis
528 1483 650 1534 tantum,
673 1474 794 1538 gratiam
812 1470 986 1542 referendam
1006 1482 1085 1540 putat
1103 1485 1129 1522 et
1146 1474 1246 1543 populo
1269 1471 1335 1524 Chio

256 1560 325 1594 onus
338 1542 515 1594 tributarium
527 1541 664 1592 imminuit
674 1542 697 1609 (ι
708 1539 738 1610 ι).
774 1539 918 1594 Benedicti
935 1542 1054 1609 insignis
1063 1543 1224 1610 pertinacia
1242 1555 1269 1592 et
1287 1559 1337 1592 ar-

255 1612 386 1681 rogantia
412 1612 620 1672 intoleraBilis,
651 1627 744 1662 omnes
762 1610 952 1672 conditiones,
981 1611 1107 1681 quamvis
1134 1610 1337 1663 honestissimas

254 1682 440 1751 aspernantis,
458 1681 515 1731 nisi
528 1680 623 1731 insula
639 1679 693 1730 'sibi
711 1680 742 1730 in
758 1681 896 1749 peculium
912 1679 1068 1749 deturba).
1103 1681 1255 1752 Imperator
1264 1678 1341 1751 apud

254 1751 406 1804 Phocaeam
426 1762 545 1802 veterem
568 1768 586 1800 a
603 1750 696 1801 Persis
712 1751 835 1819 satrapis
851 1751 970 1803 colitur:
989 1750 1120 1802 Phocaea
1142 1753 1256 1804 novati
1276 1763 1338 1803 tra·

257 1819 342 1872 ditur.
378 1817 543 1873 Benedictus
567 1817 657 1870 denuo
679 1818 775 1870 Chium
791 1821 941 1891 subiugare
964 1818 1075 1885 infelici
1095 1837 1219 1872 successu
1240 1837 1338 1889 aggre-

241 1888 407 1959 ‚ditur(13).
443 1890 576 1953 Sequitur
587 1889 666 1940 locus
680 1892 843 1958 perelegans
860 1903 886 1942 et
909 1888 1065 1959 patheticus
1086 1886 1229 1942 demorbo
1248 1902 1275 1941 et
1293 1892 1339 1941 in-

257 1970 348 2011 stante
367 1958 542 2026 imperatoris
558 1958 635 2009 obitu
656 1956 732 2027 apud
746 1957 987 2024 Didymotichum,
1008 1958 1057 2008 ubi
1072 1975 1188 2028 magnus
1208 1957 1338 2012 domesti-

256 2044 305 2079 cus
320 2028 375 2079 sibi
390 2029 446 2079 iam
465 2029 548 2079 tertio
567 2026 690 2080 delatum
709 2030 852 2098 imperium
871 2029 985 2081 abnuit.-
1000 2030 1047 2080 cui
1063 2030 1192 2099 ipsamet
1212 2046 1269 2080 una
1287 2031 1339 2080 ins·

254 2100 382 2168 peratriae
400 2114 418 2146 a
436 2096 601 2149 moribundo
618 2100 784 2167 imperatore
810 2096 1041 2151 commendantur.
1084 2100 1213 2151 Omnibus
1230 2095 1339 2153 ordini-

256 2167 306 2219 hus
325 2164 469 2218 valedicit.
505 2166 610 2236 Ingens
627 2170 755 2220 exoritur
766 2169 957 2238 comploratio.
979 2166 1120 2219 Palatium
1136 2168 1177 2221 ad
1191 2180 1337 2221 extremam

256 2239 391 2289 morituro
416 2236 532 2288 salutem
560 2235 705 2290 dicendam
727 2251 807 2309 patet
826 2238 947 2290 cuilibet.
989 2239 1060 2288 Ante
1086 2252 1196 2292 mot-teos
1214 2237 1337 2290 helinus

256 2308 438 2357 monasticum
454 2306 576 2372 postulat
595 2305 662 2377 (14)
683 2308 722 2359 De
742 2308 824 2359 Xeno
838 2320 926 2359 matre
942 2308 1070 2378 quamvis
1086 2312 1168 2360 semel
1184 2311 1336 2380 iterumque

257 2373 430 2436 adatonitus,
458 2374 530 2428 nihil
550 2376 701 2429 constituis.
745 2378 868 2447 Magnus
884 2375 1048 2429 domesticus
1064 2393 1116 2444 pro
1141 2378 1337 2432 consuetudine

257 2444 289 2496 in
306 2456 392 2497 morte
419 2447 613 2514 imperatorum
636 2445 750 2499 solenne
774 2448 957 2499 iuramentum
983 2446 1079 2514 exigit.
1125 2447 1337 2501 Constantinum

258 2510 417 2583 despoton,
436 2516 564 2584 quamvis
577 2517 690 2567 multum
705 2529 839 2583 rogatus,
859 2532 910 2567 nec
935 2517 1016 2577 uita,
1044 2532 1094 2567 nce
1112 2517 1201 2568 oculis
1217 2519 1335 2587 privare

257 2586 406 2644 sustinens,
424 2585 529 2637 occulte
546 2586 663 2643 liherum
681 2585 808 2643 dimittit.
844 2585 1150 2654 Constantinopolitani
1166 2584 1335 2656 tarenos).

257 2650 434 2705 Andronicus
450 2654 544 2707 senior
570 2658 679 2717 timens,
703 2673 737 2707 ne
757 2655 880 2708 extincto
906 2667 1003 2725 nepote
1021 2658 1077 2724 ipse
1095 2655 1233 2709 habeatur
1247 2658 1335 2726 pessi·

257 2737 309 2782 nte,
328 2723 403 2773 ultro
423 2721 462 2774 ad
477 2723 623 2776 monachos
639 2743 668 2778 se
688 2738 829 2793 aggregat.
864 2723 964 2776 Iunior
988 2740 1006 2774 a
1024 2728 1176 2778 monastico
1200 2725 1335 2778 schemate

256 2806 307 2859 per
322 2808 450 2862 magnum
474 2791 649 2846 domesticum
672 2791 838 2864 impeditur:
865 2794 915 2865 qui
939 2810 1000 2845 cum
1025 2791 1139 2846 medicis
1161 2796 1333 2864 expostulat,

259 2860 451 2930 imperatorem
467 2875 563 2915 terret.
595 2863 763 2916 Mandatum
781 2865 904 2917 ultimum
921 2864 1095 2934 imperatoris
1105 2862 1139 2917 de
1151 2867 1274 2918 exanimi
1285 2882 1334 2917 suo

257 2946 373 2999 corpore
382 2931 445 3001 (sot
484 2934 522 2985 Ob
541 2934 651 3003 imperii
667 2932 775 3003 pondus
792 2946 819 2986 et
834 2935 1019 2987 molestiarum
1034 2933 1131 2987 molem
1144 2952 1272 3003 magnust
1284 2931 1336 2987 do·

257 3001 397 3051 mesticusn
422 3003 579 3054 miseratur.
621 3006 723 3056 Mortis
747 3001 865 3058 indicia.
905 3007 986 3074 Aqua
1011 3000 1044 3057 de
1062 3001 1146 3073 fonto
1163 3005 1265 3058 Matris
1281 3004 1336 3056 Dei

257 3085 317 3119 cum
331 3072 450 3123 omnium
467 3070 629 3125 incredibili
643 3071 746 3142 gaudio
757 3074 947 3143 sanatur(17).
980 3073 1180 3127 Namanturei
1195 3091 1267 3144 quae
1286 3075 1335 3126 in-

257 3139 336 3191 terim
351 3154 427 3209 gesta
442 3142 515 3193 sint.-
529 3143 631 3212 probat
649 3145 742 3195 omnia
755 3158 868 3213 praeter
884 3145 1039 3195 missionem
1054 3143 1220 3213 Syrgiannis
1234 3144 1266 3195 in
1282 3158 1334 3195 oc·-

258 3206 408 3261 cidentem:
425 3227 508 3280 quam
524 3223 616 3265 tamen
630 3226 725 3282 postea
740 3231 798 3265 non
813 3215 956 3284 improbat.
974 3213 1139 3282 Sprgiannis
1155 3231 1172 3263 a
1186 3211 1333 3267 domestico

256 3277 398 3331 alienatus
415 3282 531 3331 animus.
564 3282 741 3344 Recensetnr,
761 3283 832 3353 quid
841 3283 1162 3354 despotaeConstantino
1180 3279 1333 3348 acciderit;

256 3362 272 3400 e
295 3364 409 3402 carcere
433 3351 570 3401 eas'mitur.
610 3354 700 3421 Nepos
720 3351 896 3405 Andronicus
921 3370 1003 3405 avum
1026 3349 1148 3405 induisse
1170 3350 1332 3404 monachum

255 3417 403 3470 tristatur.-
428 3420 476 3469 cui
501 3417 663 3472 domesticus
680 3423 809 3473 solatium
834 3420 1028 3491 suggerit(sss).
1063 3422 1207 3484 Paenitet,
1227 3439 1284 3475 non
1305 3421 1334 3473 ei

256 3483 409 3540 reddidisse
429 3489 589 3560 imperium,
610 3490 833 3562 quemadmodum
856 3494 1012 3558 cogitarat:
1034 3490 1137 3561 quade
1157 3508 1187 3544 re
1206 3507 1266 3542 cum
1281 3488 1334 3543 do·

256 3556 367 3607 mestico
387 3558 624 3628 consultans(s9),
645 3561 679 3610 ab
704 3578 737 3613 eo
764 3547 943 3631 poenitudine
970 3557 1136 3623 deducitur,
1161 3562 1332 3626 argumentis

254 3627 358 3694 partim
386 3643 458 3696 quae
486 3645 596 3681 movere
622 3634 781 3697 potuerint,
807 3634 909 3701 partim
936 3648 1008 3702 quae
1026 3630 1163 3683 moverint
1181 3627 1330 3683 dissolsuis.

255 3694 398 3763 Deiparae
413 3693 447 3749 de
460 3710 571 3766 recepta
583 3701 704 3752 sanitate
727 3704 836 3769 gratias
856 3700 988 3771 agit(ao).
1025 3701 1126 3753 Persae
1150 3700 1331 3771 populatores

256 3764 420 3818 vincuntur.
461 3765 560 3819 Achris
582 3785 599 3816 a
622 3768 756 3821 Triballis
781 3770 966 3824 obsidentibus
988 3772 1128 3833 asseritur.
1163 3773 1274 3823 Moesus
1296 3780 1323 3822 ct

256 3830 408 3900 imperator
423 3836 452 3885 in
464 3836 650 3889 Triballorum
659 3838 731 3907 fines
745 3841 912 3911 irrumpunt,
926 3841 1034 3892 Moesus
1048 3857 1083 3892 ec
1095 3840 1211 3893 vulnere
1222 3840 1329 3892 interit.

255 3900 380 3968 Regina,
398 3902 547 3959 Michaelis
561 3909 681 3971 conius,
705 3913 881 3980 imperatoris
903 3928 990 3969 soror,
1014 3926 1074 3961 cust
1092 3909 1188 3962 liberis
1203 3910 1328 3980 pellitur.

254 3970 363 4022 Moesia
383 3973 418 4024 ab
440 3976 604 4046 imperatore
630 3992 779 4034 vastatur:
802 3979 937 4051 quaedam
950 3977 1052 4050 oppida
1073 3977 1240 4035 deditionem
1237 3977 1328 4098 saci·

253 4051 313 4090 unt.
348 4040 382 4091 la
403 4043 786 4119 locumlsaiaepatriarchae
806 4053 929 4104 Ioannes
956 4048 1098 4119 presbyter
1122 4050 1218 4117 magni
1257 4063 1331 4100 osse·

252 4109 319 4163 ttici
329 4126 412 4164 suasu
422 4113 457 4164 ab
468 4118 601 4186 episcopis
617 4120 855 4190 sun-agotur(ss).
891 4120 992 4171 Persae
1005 4130 1164 4175 vastatores
1175 4117 1247 4170 malt
1259 4116 1330 4176 nul.-

253 4188 358 4235 tantur.
383 4181 547 4255 Sflgiannis
559 4188 752 4260 sociorumque
772 4192 804 4244 in
820 4188 996 4245 domesticum
1010 4200 1037 4243 et
1055 4191 1247 4259 imperatorem
1258 4201 1328 4240 con·
