3000 4742
265 203 296 289 6
704 224 912 291 remotae

264 403 349 458 gestem
368 382 502 470 affictat,
520 383 569 438 cui
585 381 681 455 magni
705 381 863 454 logothetae
879 380 946 454 filii
966 377 1095 437 suadente
1112 399 1229 456 quorum
1245 385 1358 442 litterae

265 457 495 526 intercipiuntur,
521 468 549 509 et
563 472 656 508 eorum
668 452 853 527 petes-officit
866 454 912 504 sui
923 448 1096 507 admonetur.
1130 454 1359 510 Protouesterius

264 523 421 595 logothetae
437 537 562 578 extrema
581 526 735 586 minitans,
755 541 774 575 a
793 536 891 593 nepote
912 523 1106 594 compescitur,
1134 536 1162 577 et
1178 524 1256 596 apud
1273 544 1359 580 avum

264 608 425 650 excusatur.
461 595 551 648 Ambo
579 595 610 646 in
629 594 766 648 ratissimi
782 593 989 655 inveniuntur,
1008 609 1156 675 eorumque
1173 596 1359 667 instigatione

264 663 366 719 bellum
392 661 562 718 recrudescit
576 612 642 749 (bb).
680 664 791 717 Nititur
820 680 905 716 senes
927 666 1085 716 memoriam
1103 665 1252 718 suniarise
1269 668 1359 719 sactis

264 736 383 797 tollere,
411 737 490 788 cuius
514 735 705 806 patrocinium
720 732 887 804 patriarcba
904 733 1019 804 suscipit
1035 731 1101 804 ((4).
1137 738 1227 788 Aoum
1241 737 1357 805 mucan

263 801 443 858 Andronicus
461 817 599 866 sonatur,
618 817 646 858 et
663 823 682 856 a
699 802 772 857 bello
785 801 956 863 debortesu,
977 819 1005 855 ss
1023 801 1062 856 ad
1080 819 1192 856 causam
1210 802 1357 859 dicendam

265 876 359 947 offert.
396 876 466 927 Orat
493 871 565 927 idem
589 891 641 945 per
663 875 775 928 litteras
794 890 910 944 magnus
928 870 1091 927 domesticus
1124 886 1152 926 tt
1179 876 1209 926 in
1227 877 1358 928 extremis

265 957 367 1008 terret,
395 945 420 995 si
437 946 544 997 monita
560 943 829 1015 contempserit(45).
866 944 1003 1013 Responsa
1024 945 1077 996 eui
1092 957 1209 997 moestus
1225 947 1357 1009 iuuenis,

262 1013 459 1087 patriarchae,
478 1026 505 1069 tt
516 1015 705 1087 episcoporum
717 1013 801 1085 fidem
819 1015 953 1085 appellat,
971 1015 1023 1085 qui
1038 1030 1099 1067 eum
1116 1015 1147 1065 in
1165 1017 1218 1067 avi
1233 1018 1357 1084 gratiam

266 1096 406 1138 conantur
427 1086 583 1137 restituere.
619 1085 774 1138 Mittuntur
789 1083 920 1155 Rhegium
937 1101 972 1137 ese
985 1083 1073 1138 tribus
1085 1080 1187 1139 delecti
1199 1084 1356 1147 ordinibus,

286 1157 317 1207 ui
337 1154 456 1206 crimina
474 1168 634 1223 exponant,
660 1156 720 1209 tius
735 1153 922 1226 defensionem
937 1152 1075 1216 audiant,
1094 1165 1123 1205 et
1140 1153 1266 1209 iudicent
1287 1154 1355 1226 ((6)

264 1175 318 1279 bite
335 1241 419 1277 avum
441 1225 472 1276 in
491 1222 585 1277 odium
601 1226 697 1295 rapit,
723 1225 778 1281 sibi
795 1224 1017 1278 benevolentiam
1032 1221 1155 1277 iudicum
1173 1225 1301 1295 colligit,
1328 1238 1357 1278 et

267 1294 413 1365 sigillatim
431 1293 544 1348 obiectis
558 1292 712 1366 respondet.
748 1296 882 1367 Sequitur
895 1294 1088 1356 oratiuncula,
1108 1312 1165 1367 qua
1179 1311 1256 1348 suam
1272 1298 1356 1348 inno·

267 1367 387 1418 centiam
412 1361 548 1419 adversus
571 1366 796 1418 criminationem
819 1364 853 1418 de
876 1366 1004 1437 periurio
1033 1366 1066 1418 in
1081 1362 1201 1435 joedere
1218 1363 1356 1418 violando

269 1431 445 1556 tueturst‘iu)⁴
491 1437 549 1488 Avi
565 1448 592 1488 et
612 1436 731 1490 Coaalas
749 1436 860 1488 litterae
879 1448 978 1489 contra
1002 1451 1029 1487 se
1050 1452 1102 1505 pro
1116 1447 1176 1497 ert,
1200 1436 1300 1506 quibus
1319 1435 1355 1488 ab

267 1506 335 1573 ipsis
344 1505 392 1575 soe
462 1506 600 1558 violatum
617 1507 785 1560 convincere
803 1504 947 1560 contendit
962 1504 1030 1576 ((3).
1101 1507 1198 1558 ocalae
1214 1504 1357 1578 impuden-

267 1577 322 1629 tia·
344 1575 479 1645 Episcopi
492 1574 626 1630 &mnata
638 1589 798 1630 accusatum
813 1589 955 1630 verentur.
975 1573 1150 1645 Respondent
1163 1592 1240 1639 avo,
1266 1574 1299 1629 de
1314 1594 1355 1638 se,

266 1656 299 1697 ut
315 1646 346 1699 in
365 1662 425 1699 eum
441 1645 579 1716 officioso,
595 1644 751 1715 praedicat,
774 1647 865 1710 illum,
881 1660 913 1699 ut
928 1645 1106 1714 sycophantis
1121 1643 1275 1709 credulum,
1291 1664 1357 1717 per-

267 1715 398 1784 stringit,
414 1733 510 1784 pacem
523 1732 576 1785 pro
591 1715 747 1787 republica
762 1730 837 1780 orat,
864 1734 892 1770 se
910 1715 1034 1778 subiicit,
1058 1729 1085 1769 et
1102 1716 1134 1767 ni
1149 1715 1216 1768 bene
1229 1717 1355 1769 monenti

266 1782 451 1847 obsecundet,
470 1788 596 1840 minatur
605 1784 670 1857 ((9).
726 1787 845 1840 Cocalus
862 1800 927 1839 acta
939 1785 1039 1855 llbegii
1057 1787 1203 1839 renuntiat
1220 1789 1282 1838 seni
1297 1804 1357 1838 am·

267 1856 336 1906 nia.-
355 1854 463 1927 reliqui
474 1873 532 1907 non
545 1853 712 1911 audiuntur.
746 1857 820 1908 Eum
838 1855 1006 1927 patriarcba
1020 1858 1178 1925 castigans,
1205 1875 1224 1908 a
1242 1858 1355 1911 iuniore

267 1942 296 1977 se
309 1936 447 1977 staturum
459 1924 616 1996 profitetur.
654 1926 720 1979 Cum
735 1927 869 1996 episcopis
889 1923 997 1981 idcirco
1011 1925 1130 1980 babetur
1143 1926 1194 1980 sub
1214 1923 1355 1979 custodiis.

266 1995 389 2064 Magnus
412 1991 577 2048 domesticus
599 2006 627 2047 et
642 2008 832 2066 protostrator
847 1992 887 2048 ad
898 1993 1102 2066 procedendum
1121 1996 1356 2067 Constantinopo-

267 2064 313 2115 lin
334 2075 459 2135 nepotem
483 2068 622 2118 incitant:
654 2068 701 2118 cui
714 2084 792 2138 ¹spons
815 2067 953 2138 reis'qaam
974 2067 1056 2137 pacis
1079 2064 1244 2119 domesticus
1269 2067 1355 2134 eripit

267 2131 334 2203 (bo).
365 2134 472 2204 bingio
486 2136 652 2203 Byzantium
667 2135 724 2189 iter
737 2134 897 2190 intendunt.
925 2139 1046 2207 Imperat
1060 2138 1088 2189 ei
1101 2152 1193 2199 avus,
1216 2138 1261 2188 uti
1274 2154 1303 2189 se
1318 2136 1356 2187 ab

267 2203 335 2258 urbe
345 2206 506 2258 amoliatur.
534 2206 629 2259 Marci
646 2205 806 2259 caballarii
822 2209 984 2262 convitium.
1006 2208 1161 2269 Memorat,
1189 2223 1245 2276 quo
1258 2225 1275 2258 o
1299 2209 1355 2259 scio

267 2275 300 2325 in
318 2292 402 2326 avum
413 2275 518 2347 fierit,
540 2278 619 2333 cuius
633 2279 821 2345 pertinaciam
837 2292 961 2333 accusat.
989 2277 1131 2343 Selybriae
1147 2275 1270 2345 rempub
1288 2279 1356 2329 'eam

266 2341 390 2398 ordinat.
423 2346 540 2398 Rursum
555 2345 872 2418 neposDt'dymoticbum
885 2347 980 2402 rediit.
1009 2345 1188 2400 Andronicus
1205 2347 1355 2408 Tornicss,

267 2426 295 2466 et
310 2415 429 2468 Manuel
448 2416 579 2469 bascarie
596 2417 738 2489 pactionis
762 2434 823 2472 cum
843 2419 965 2490 satrapis
985 2417 1149 2484 Scytharum
1175 2419 1297 2486 suspecti
1327 2428 1356 2470 et

269 2482 395 2538 Thracia
413 2488 507 2539 exacti
525 2484 582 2555 (51)
589 2507 600 2553 ,·
624 2500 697 2557 quae
720 2492 922 2558 protostratori
941 2505 1001 2540 cum
1017 2500 1100 2559 parte
1119 2489 1264 2556 copiarum
1283 2487 1357 2541 com·

266 2556 395 2609 mittitur.
431 2557 466 2609 In
477 2555 672 2609 Macedoniam
685 2560 784 2611 iunior
795 2571 894 2612 contra
912 2556 1004 2610 hostes
1022 2557 1098 2620 abit,
1117 2557 1216 2610 Pheris
1229 2575 1277 2610 eas
1289 2575 1356 2628 pro·

268 2637 362 2693 vocat.
398 2626 440 2677 Iis
461 2642 489 2678 se
509 2626 724 2690 excusantibus,
749 2647 805 2700 quo
822 2631 914 2680 minus
929 2628 1071 2699 postulate
1088 2639 1247 2698 praestent,
1266 2644 1358 2681 remo-

267 2705 351 2747 vetur
375 2693 441 2749 inde
465 2699 602 2751 exercitus
624 2695 692 2767 (52.
746 2699 969 2753 Messalonicam
994 2709 1132 2751 vocaturs
1158 2696 1225 2751 urbe
1243 2695 1355 2759 dedita,

265 2777 553 2891 mewa
569 2765 1211 2908 tafot‘tztsstilt‘tlssttb‘bt
1230 2768 1357 2892 biiii}

266 2905 332 2977 (53).
367 2906 561 2972 Deliberatur,
577 2925 633 2979 quo
651 2905 781 2967 eundum,
814 2908 954 2962 Probatur
970 2909 1116 2963 eonsilium
1142 2910 1238 2976 magni
1264 2907 1357 2961 dome}-

266 2978 340 3031 ttiti.
384 2975 493 3031 Edessa
520 2992 547 3032 et
573 2978 713 3034 Berrboea
738 2997 767 3032 se
791 2977 902 3032 dedunt.
938 2979 1040 3049 Ingens
1057 2977 1211 3032 occidentis
1227 2977 1356 3050 defletio.

265 3046 357 3101 Duces
375 3049 497 3101 senioris
522 3047 563 3104 ad
581 3048 735 3102 Triballum
743 3049 909 3122 fiagientes,
932 3066 952 3101 a
977 3049 1111 3102 Pheraeis
1127 3050 1261 3103 militibus
1280 3051 1359 3120 cepti

265 3114 306 3170 ad
322 3130 444 3188 nepotem
463 3116 652 3177 adducuntur.
691 3119 758 3173 Cum
777 3119 910 3173 uxoribus
926 3137 1021 3172 eonem
1041 3119 1158 3190 benign
1182 3119 1358 3244 agiturssip

263 3184 379 3240 Deditio
399 3189 543 3241 Castoriae
573 3203 599 3243 et
620 3185 759 3244 Acbridis.
795 3190 1033 3244 Protovestiasius
1056 3207 1117 3242 osan
1143 3193 1228 3245 sociis
1245 3191 1330 3243 lbs‘ba
1343 3216 1359 3234 ·

264 3256 322 3307 lum
350 3255 390 3308 ad
404 3274 484 3310 arma
508 3259 540 3310 in
562 3261 753 3329 imperatorem
774 3261 912 3315 iuniorem
928 3262 1071 3314 sollicitat.
1110 3260 1211 3315 Uxoris
1236 3260 1358 3316 eiusdem

262 3326 666 3397 protovestiariimendacium.
700 3331 852 3384 Domestici
868 3333 900 3384 in
919 3345 1023 3386 contem
1042 3343 1073 3384 tu
1099 3332 1165 3382 auri
1192 3335 1360 3403 argentique

264 3394 342 3479 apud
354 3399 598 3469 protovestiarium
609 3401 712 3470 reperti
722 3402 847 3454 excelsus
863 3402 979 3453 animus.
1030 3399 1361 3475 mperatorisbeneficsn«

265 3480 316 3518 tea.
364 3469 532 3521 Voluntaria
548 3471 696 3533 amatium
712 3471 882 3524 Albanorum
899 3470 1025 3530 deditio.
1056 3470 1239 3525 Triballorum
1260 3490 1359 3542 proct-

263 3554 325 3589 rum
343 3537 374 3590 in
398 3536 585 3592 dissuadendo
609 3540 683 3595 bello
709 3560 742 3595 ae
763 3542 845 3595 uitas.
894 3543 961 3597 Viae
985 3538 1028 3595 ad
1041 3541 1190 3625 fugitivos
1215 3539 1359 3595 iuvandos

261 3607 712 3736 itmtbitl⁶1⁵in⁰tttt⁰tt
724 3611 1005 3754 siffii‘ssl‘
1019 3613 1360 3737 ,iiiimxiiii

260 3746 385 3802 laetatio·
403 3750 543 3803 motoria
562 3753 662 3806 nuntio
685 3754 792 3809 iunion
836 3751 944 3808 Foedus
971 3772 1032 3808 eum
1052 3756 1147 3807 ttoeso
1164 3771 1249 3808 senex
1257 3752 1358 3826 sacit5

260 3815 301 3869 ad
313 3820 404 3873 urbem
426 3821 523 3873 iunior
540 3822 666 3887 accedit,
705 3841 781 3879 atem
798 3825 898 3879 iterum
925 3826 1080 3896 itemmque
1095 3822 1175 3894 petit.
1211 3824 1275 3875 Duo
1297 3822 1359 3893 ple«

258 3885 317 3939 beii
334 3890 597 3963 Oonstantinopalin
613 3912 664 3962 pso
705 3907 736 3947 nt
754 3894 821 3968 (66).
857 3896 986 3949 Pulcrum
1005 3895 1155 3965 exemplum
1178 3893 1358 3948 Christianae

255 3958 476 4015 mansuetudinis
484 3960 662 4019 Andronicus
678 3966 778 4019 ntinor.
804 3966 1000 4020 Proditoribus
1013 3966 1167 4034 praemium
1187 3962 1360 4035 condignum

252 4029 432 4098 promittitur.
468 4035 579 4087 Moesus
592 4034 776 4109 adconjlnia
794 4039 891 4105 copias
910 4035 1037 4092 adducit.
1064 4035 1157 4106 Nepet
1177 4034 1360 4105 abireLogot

253 4094 387 4155 decernit.
428 4103 582 4170 Quasi-itta·
604 4124 655 4160 cur
684 4109 743 4161 tria
766 4108 858 4159 millia
882 4108 1006 4176 emisam
1025 4124 1049 4159 a·
1062 4106 1167 4160 Moesis
1181 4107 1360 4173 byzantium

246 4169 348 4226 missa.
379 4172 457 4227 eoas
484 4174 662 4233 monitionem
680 4174 715 4234 de
739 4179 867 4251 periequ
885 4175 1044 4250 vilipendit
1056 4174 1124 4254 (ᾖ).
1153 4177 1360 4250 'Istterrogttuss
