3000 4742
241 198 324 306 ὅσα
650 222 928 291 muracumur

94 392 165 455 hc.
178 386 303 466 sttrptr
320 381 382 468 γόρ
406 376 637 464 Θοσσαλονόιην
660 372 749 445 οὔπω
769 376 924 465 πρότερον
944 369 981 444 όν
999 374 1035 442 τό
1056 378 1331 464 Γυναικόκαοτρον

220 476 556 569 οπροσαγορευόμινον
583 479 735 563 ἐτείχισε,
778 476 834 544 καὶ
859 475 979 564 πόργον
1005 475 1175 562 ἐπιστήσας
1201 480 1333 561 μεγέθει

244 605 278 648 τε
296 582 442 665 μέγιστον
471 579 526 697 καρ1
552 576 787 664 καρτερώτατον
807 572 969 659 ἀντισχεῖν
989 573 1069 662 πρός
1089 574 1245 656 πολεμίοιν
1263 602 1330 662 μη-

241 678 363 765 χανάς·
404 673 478 744 ὅθεν
499 683 592 760 ελαχε
613 676 742 761 κοίτην
762 671 990 763 προσηγορίαν,
1010 673 1055 750 ῶς
1073 678 1130 738 καί
1147 679 1330 757 γυναικειότς

246 804 343 865 ουσης
364 778 524 866 φρουρᾶς,
556 775 702 862 κρείττων
723 774 869 858 ἐσόμενος
889 772 1038 845 παντοίας
1057 776 1214 857 πολεμιόιν
1232 776 1353 862 προσ-5

243 880 347 963 βολῆς.
388 876 534 961 καὶπερὶ
555 873 662 962 Φερὰς
683 878 788 959 ἕτερον
807 873 1075 961 Σιδηρόκαστρον,
1097 872 1249 939 natatui
1272 870 1328 957 διὰ

242 980 307 1043 τῶν
326 979 440 1059 τειχῶν
459 972 495 1038 τό
516 969 650 1058 εόπαγές
669 972 725 1038 καί
742 970 813 1039 λιόιν
833 966 850 1034 ό
850 968 951 1058 χορόν
971 972 1204 1056 ῶνομασμένον.
1240 972 1331 1054 Ἀμ-
1355 1000 1362 1015 ·

243 1079 370 1164 φίπολιν
384 1064 419 1141 δέ
438 1074 496 1160 την
515 1077 550 1138 ἐν
563 1069 722 1160 Στρυμόνι
741 1070 833 1139 πόλιν
845 1069 1008 1158 Ἑλληνίδα
1029 1072 1178 1155 παλαιόν,
1193 1075 1228 1137 ἐκ
1249 1078 1331 1136 πολ-

242 1178 306 1243 λῶν
326 1178 405 1240 ἐτῶν
425 1174 678 1257 κατεσκαμμένην
694 1165 791 1248 αὖθις
803 1173 954 1254 ἐτείχισεν
973 1169 990 1236 ό
1010 1170 1160 1254 βασιλεὺς
1180 1168 1236 1237 καί
1250 1196 1329 1237 συν-

242 1273 353 1363 ῴκισεν
380 1276 416 1338 ἐκ
443 1275 505 1338 τῶν
525 1272 616 1358 πέριξ
636 1266 757 1335 πόλεων
776 1270 906 1353 πέμψας
924 1270 1088 1347 δποικίοις.
1127 1269 1165 1335 οὔ
1183 1269 1248 1355 μην
1268 1264 1370 1340 ‹il-ro

243 1373 285 1440 λόι
314 1369 463 1458 καὶπερὶ
482 1373 608 1461 Θρᾴκην
635 1368 787 1456 παράλιον
814 1367 926 1456 irisan
954 1369 1046 1435 πόλιν
1073 1372 1328 1456 κατεσκαμμένην

211 1476 297 1540 Daci
317 1467 436 1559 αότην,
468 1461 507 1556 ἧς
526 1493 624 1556 φασιν
655 1468 871 1534 Ἀναστάσιαν
895 1472 1028 1551 βασιλέα
1058 1464 1230 1551 ‘Parnasius
1249 1470 1326 1533 οἰκι-

240 1570 320 1659 στὴν
341 1574 397 1636 κατ’
415 1574 449 1650 ἐξ
469 1571 588 1635 ἐκείνου
620 1570 944 1655 προσαγορευομένην,
974 1568 1141 1655 ἀνέστησεν
1162 1563 1259 1644 αὖθις
1286 1561 1325 1634 ori

240 1675 367 1752 πᾶσαν,
389 1669 458 1734 ἀλλ’
477 1664 550 1733 όοον
566 1663 703 1749 μα’λιστα
723 1670 798 1753 ἐνῆν
817 1664 1002 1751 α’πολαβοόν,
1027 1670 1084 1732 καί
1105 1664 1328 1754 Περιθεῶριον

240 1768 503 1858 προσηγόρευσεν.
544 1770 652 1852 ἕτερον
675 1768 711 1831 δέ
732 1765 888 1854 φροόριον
909 1767 1123 1850 ἐδείματο,οέ
1144 1765 1367 1855 muldeina-15

241 1867 355 1956 στηκός
376 1864 548 1952 θαλάσσης,
582 1865 767 1947 Διπόταμου
797 1866 1069 1952 προσαγορευθέν.
1109 1864 1133 1931 όδ
1161 1865 1199 1953 δι’]
1221 1866 1324 1932 πάντα

242 1967 281 2033 οὖ
300 1970 423 2050 μᾶλλον
444 1966 623 2054 φιλοτιμίαις
643 1958 666 2049 ἢ
686 1948 861 2051 ἐσφόλείας
882 1966 946 2029 τῶν
963 1969 1091 2051 χωρίων
1104 1968 1203 2048 ἓνεκα,
1225 1967 1259 2032 ἐν
1278 1961 1328 2044 οἷς

240 2066 442 2151 ἐκτίσθησαν,
463 2064 618 2147 ἐτείχισεν
638 2061 655 2128 ό
675 2063 833 2146 βασιλεύς.
858 2056 1116 2148 Ἀρκαδιοόπολιν
1137 2067 1173 2129 δὲ
1194 2063 1248 2128 διὰ
1269 2063 1326 2141 τοὶς

240 2167 279 2231 ἐκ
299 2167 364 2229 τῶν
385 2166 518 2228 Σκυθῶν
538 2160 673 2248 ἐφόδους
692 2159 866 2246 ἀναγκαίαν
887 2154 1004 2245 οδσαν,
1025 2156 1267 2247 ἀνοικοδομῆσαι
1286 2158 1325 2248 ἤ·

239 2267 383 2351 βουληδη
414 2264 590 2339 πολυτελῶς
617 2261 673 2327 καί
692 2258 854 2346 οἰκήτορας
875 2263 911 2327 ἐκ
930 2264 993 2325 τῶν
1012 2265 1174 2350 ἐπιφανῶν
1194 2266 1363 2346 &ruht-20

238 2363 372 2450 δρῶσαι,
404 2359 579 2442 ου’δαίμονό
609 2386 642 2426 τε
671 2363 726 2427 καί
756 2354 868 2443 όλβίαν
888 2355 1055 2438 οἷποδεῖξαι
1087 2363 1218 2426 καὶτῶν
1236 2362 1318 2427 κατὰ

237 2460 293 2547 την
316 2462 441 2549 Θρᾴκην
462 2452 567 2525 ἄλλων
586 2459 706 2527 πόλεων
729 2460 947 2546 ὑπερέχουσαν
966 2462 1071 2550 πολλῶ
1088 2457 1167 2545 μετό
1187 2458 1242 2546 την
1259 2485 1321 2543 με-

235 2559 334 2648 γάλην
354 2557 455 2625 πόλιν.
566 2584 570 2593 ·

306 2751 332 2806 8.
349 2738 521 2821 Στρυμμόνι
538 2746 692 2819 legebatur.
727 2746 814 2819 Supra
831 2765 858 2820 p.
876 2751 938 2820 267,
962 2750 1001 2804 16.
1020 2756 1093 2802 recte
1109 2746 1285 2820 Στρυμόνος.

236 2899 370 2954 (lamentis
394 2899 637 2968 Gynaecocastrum
665 2900 833 2969 appellatum
868 2902 1037 2966 construxit,
1057 2907 1085 2954 et
1101 2903 1197 2955 turrim
1216 2904 1321 2974 magni·

235 2971 333 3024 tudine
358 2974 474 3024 maxima
493 2981 575 3043 atque
593 2969 626 3022 ad
645 2969 764 3023 hostium
778 2970 916 3025 machinas
934 2972 1108 3041 excipiendas
1126 2973 1320 3026 validissimam

235 3042 380 3111 imposuit:
398 3042 471 3094 unde
489 3051 516 3094 et
532 3058 633 3093 nomen
646 3043 741 3094 sortita
760 3052 816 3104 est,
835 3043 901 3113 quia
920 3045 1065 3114 συσσιτίου
1081 3044 1206 3095 foeminis
1221 3044 1319 3097 desen·

233 3129 281 3177 sa,
306 3114 428 3185 quemvis
455 3112 574 3165 hostiurn
596 3113 727 3181 impetum
747 3114 854 3164 clusura
873 3115 917 3165 sit.
962 3115 1038 3165 quta
1059 3114 1155 3166 Pheras
1177 3115 1318 3167 Sideroca·

234 3191 319 3235 strum
337 3183 482 3246 excitavit,
507 3190 536 3234 et
554 3184 644 3251 ipsum
661 3181 696 3233 ab
714 3200 851 3235 murorum
869 3182 1034 3237 soliditatem
1052 3186 1184 3255 egregiam
1205 3186 1243 3237 sic
1265 3203 1316 3238 no*

233 3254 376 3306 minatum
412 3252 596 3322 Amphipolim
614 3259 705 3304 autem
724 3252 758 3305 ad
781 3254 948 3321 Strymonem
966 3255 1095 3317 fluvium,
1120 3255 1214 3308 urbem
1233 3256 1316 3309 Grae·

235 3339 294 3375 cam
312 3333 341 3376 et
358 3330 504 3385 vetustam,
526 3323 620 3375 multis
636 3321 737 3375 abhinc
756 3325 834 3376 aunis
853 3323 970 3376 dirutam
988 3326 1149 3378 instauravit
1172 3335 1201 3380 et
1219 3345 1252 3378 ex
1269 3345 1316 3378 nr-

231 3392 316 3447 bibus
339 3393 464 3446 finitimis
484 3394 621 3445 coloniam
638 3409 670 3446 co
690 3393 821 3447 deduxit·
848 3395 924 3465 Quin
943 3403 971 3446 et
987 3396 1068 3448 aliam
1086 3392 1218 3451 Thraciae
1236 3398 1319 3449 mari·

230 3466 327 3517 timarn
351 3464 447 3516 urbem
473 3463 507 3514 ab
527 3464 669 3517 Anastasio
697 3465 874 3534 imperatore,
900 3473 931 3517 ut
955 3466 1026 3517 sama
1050 3472 1105 3528 est,
1134 3470 1269 3520 conditam
1288 3474 1317 3521 ct

230 3534 266 3587 ab
284 3552 317 3588 eo
335 3534 450 3597 dictam,
467 3541 526 3585 tum
545 3543 635 3586 autem
648 3532 813 3587 destructam
832 3536 953 3588 restituit
961 3573 971 3599 ,
985 3552 1042 3590 non
1059 3543 1143 3588 totam
1158 3539 1233 3590 illam
1252 3539 1316 3610 qui-

230 3603 311 3671 dem,
331 3605 379 3659 sed
397 3614 528 3675 quantum
546 3603 649 3674 potuit,
668 3605 811 3658 moenibus
829 3606 993 3675 complexus,
1010 3616 1037 3659 et
1055 3607 1250 3662 Perilheorium
1270 3610 1316 3661 iu-

230 3674 362 3746 digitavit
398 3679 538 3730 Praeterea
554 3673 628 3727 haud
645 3676 741 3744 procul
759 3693 774 3726 a
791 3678 859 3728 mari
887 3679 1024 3730 castellum
1042 3678 1218 3748 Diputamum
1235 3676 1314 3733 aedi-

167 3742 169 3746 ’
230 3747 330 3806 beavit.
374 3747 464 3819 Atque
483 3745 550 3799 hacc
570 3746 662 3797 omnia
682 3764 737 3798 uon
757 3746 859 3815 gloriae
886 3765 965 3799 causa
986 3751 1078 3820 magis,
1097 3769 1179 3822 quam
1197 3760 1228 3803 ut
1244 3751 1313 3814 loca,

228 3817 375 3888 inquibus
399 3836 432 3870 ea
454 3817 648 3879 construebat,
674 3833 769 3870 secura
793 3834 824 3869 ac
851 3824 911 3870 tuta
939 3817 1073 3874 redderet
1110 3821 1313 3891 Arcadiopolim

227 3905 311 3951 vero,
329 3888 489 3955 Scytharum
507 3887 710 3940 incursionibus
731 3886 911 3956 prohibendis
938 3892 1136 3955 necessariam,
1165 3891 1314 3945 maioribus

226 3958 375 4029 impendiis
393 3960 559 4021 instaurare,
576 3966 604 4011 ct
620 3957 762 4011 nobilibus
783 3958 879 4012 incolis
897 3958 1001 4013 ibidem
1019 3963 1175 4028 collocatis,
1206 3962 1313 4016 felicem

226 4047 258 4082 ac
275 4029 382 4084 beatam
401 4037 429 4081 ct
446 4030 518 4082 inter
530 4030 654 4081 civitates
665 4028 797 4083 Thraciae
813 4029 962 4084 secundum
979 4049 1102 4104 magnam
1123 4034 1200 4088 illam
1218 4033 1314 4088 urbem

225 4099 307 4172 longe
326 4100 478 4172 principem
496 4099 600 4156 efficere
617 4100 715 4159 uoluit.
