3000 4742
258 241 350 329 208·
654 263 932 331 cruuscuzarn

73 472 78 480 .
110 416 438 505 ffissffinpoiypasoe
456 414 601 499 άναθείς,
636 413 706 482 έπεέ
726 418 890 502 ἐπέτρεπεν
910 418 1041 499 ἐκεῖνος,
1073 414 1118 490 εἰς
1136 418 1331 503 Ίζερνομιά-

254 541 328 594 νους
345 513 412 600 ἅμα
428 515 556 601 γυναικὶ
569 512 691 581 ἐλθόντι
712 518 758 604 τῷ
771 513 918 598 Μιχαὴλ,
938 512 1116 598 συνεγένετό
1128 538 1163 580 τε
1181 511 1236 580 καί
1252 541 1326 582 συν-

255 622 414 702 διέτριψεν
440 616 546 690 αδτοῖς
575 613 591 680 o‘
610 612 758 696 βασιλεὺς
776 615 827 700 ἐφ’
846 614 976 698 ἡμέραις
997 609 1089 678 ὀκτά·
1121 617 1330 697 συνησθέντες

254 721 290 783 δέ
310 713 451 798 ἀλλήλοις
469 711 497 777 οἰ
513 718 668 794 βασιλεῖς,
703 711 783 793 μετά
800 716 890 777 τοῦτο
913 710 1102 796 διελύθησαν
1116 707 1263 798 ἑκάτερος
1279 714 1330 778 ἐπ’

255 813 359 880 οἴκου.
388 813 432 890 εἰς
460 809 689 894 Διδυμότειχον
714 813 749 875 δὲ
771 810 1011 896 Ἀνδρόνικοςδ
1038 808 1187 893 βασιλεδς
1214 809 1351 893 sillaim

223 909 340 998 ὓπαρά
360 912 421 976 τῶν
447 913 482 975 ἐν
497 910 662 998 Βυζαντίῳ
684 911 784 996 φιλων
806 901 896 993 εὗρεν
919 900 1046 991 άγγελον
1066 902 1254 996 άῳιγμένον,
1281 902 1330 974 ὅτι

254 1007 441 1096 βασιλεδςδ
461 1006 669 1094 πρεσβύτερος
689 1007 750 1072 εἰπέ
769 1029 861 1071 unm
878 1006 1053 1104 τεκμηρίων
1079 1009 1134 1072 καί
1152 1008 1252 1091 λέγων
1275 999 1332 1071 εἰ·

255 1107 350 1193 tntis
374 1110 442 1173 ἐστι
474 1109 702 1191 πολεμησείων,
740 1100 971 1189 εἰσαγγέλλοντα
994 1103 1072 1193 πρὸς
1098 1104 1209 1172 αἰτόν.
1253 1101 1330 1192 ὅπερ

255 1205 392 1283 άκοάσας
410 1205 427 1269 ὅ
447 1202 618 1290 βασιλεῦς,
645 1204 845 1289 ἐξεπέπληκτο
860 1206 919 1287 μὲν
940 1201 1042 1281 ειίθδς
1058 1203 1116 1289 την
1131 1199 1262 1270 άτοπίοιν
1275 1207 1332 1289 τῆς

256 1305 419 1389 δγγελίας,
451 1301 600 1387 η’πίστησε
620 1302 655 1367 δέ
681 1297 777 1383 ὅμως.
806 1309 869 1377 τοῖς
889 1303 924 1368 δέ
947 1301 1051 1388 pilose
1069 1302 1207 1368 έκέλευεν
1226 1298 1373 1386 άπαγ-ιο

255 1401 384 1488 γέλλειν,Ι
394 1402 437 1478 nie
454 1396 550 1478 αὐτὸς
568 1404 627 1482 μὲν
644 1400 759 1485 πολλὴν
777 1392 818 1465 άν
834 1400 942 1476 αἰτοῖς
955 1405 1010 1484 τῆς
1026 1403 1072 1477 εἰς
1094 1399 1191 1468 αδτδν
1207 1401 1332 1475 εὐνοίαις

256 1501 354 1586 εἰδείη
380 1499 494 1585 χάριν,
531 1498 584 1564 διά
607 1502 642 1565 δὲ
668 1497 703 1564 τὸ
730 1497 853 1586 σφόδρα
877 1500 922 1584 μὴ
944 1501 1115 1582 βούλεσθαι
1136 1500 1176 1566 τά
1198 1503 1331 1567 τοιαῦτα

253 1609 319 1675 τοῖς
332 1600 505 1682 λεγομένοις
524 1594 674 1664 άπιστεῖν·
696 1602 767 1664 δέον
782 1601 817 1664 δὲ
834 1598 948 1675 αὐτοὺς
964 1597 1046 1664 πάνυ
1063 1602 1230 1684 φιλοῦντας
1242 1599 1332 1683 άκρμ

254 1697 387 1785 βεοτάτη
404 1698 531 1785 βασάνῳ
551 1694 587 1761 τὸ
612 1699 741 1783 πρᾶγμα
760 1699 879 1780 δοῦναι,
906 1700 960 1762 καί
980 1692 1009 1780 δ’,
1019 1721 1049 1763 τι
1069 1693 1109 1763 άν
1128 1701 1215 1785 φανῇ
1232 1700 1353 1785 σαφὲς

254 1796 466 1879 ἀπαγγέλλειν.
488 1805 552 1871 τοῖς
568 1798 628 1877 μέν
644 1789 701 1861 οιίν
716 1799 750 1861 έν
763 1794 929 1884 Βυζαντίῳ
946 1795 1050 1883 φίλοις
1065 1795 1083 1861 o‘
1098 1797 1247 1878 βασιλεὺς
1260 1797 1375 1865 ἐπέ-ὥ

254 1917 370 1978 σκηπτε
386 1896 524 1957 τοιαῦτα.
544 1890 610 1974 ἅμα
627 1894 662 1958 δέ
683 1895 852 1982 δομεστίιιῳ
866 1897 911 1982 τῷ
925 1893 1050 1982 μεγάλῳ
1064 1892 1118 1959 καί
1132 1894 1332 1981 αρ’ωιοστρά-

229 2006 329 2075 Ιλτορι
353 1989 567 2072 συνελθάντες,
597 1986 784 2076 άνηρεάνων,
808 1990 840 2056 εἴ
860 2016 891 2058 τι
912 1996 1080 2058 συνειδεῖεν
1096 1987 1223 2069 ’ἑαυτοῖς
1247 1986 1333 2072 άξιον

256 2093 393 2172 πολέμου
409 2091 631 2172 εἰργασμένοις,
655 2085 674 2155 δ
695 2089 752 2155 καί
769 2088 825 2155 τὸν
848 2093 979 2172 βασιλέα
999 2090 1056 2175 την
1071 2089 1195 2177 εἰρήνην
1210 2085 1250 2156 άν
1264 2092 1334 2156 πεί-

255 2212 321 2255 σειε
338 2190 527 2252 καταλῦσαι·
547 2188 647 2251 πολλά
669 2211 704 2252 τε
721 2187 778 2253 καί
795 2191 940 2265 πολλάκις
962 2188 1017 2253 τὸν
1033 2180 1111 2275 άχρι
1131 2187 1202 2253 τότε
1219 2187 1333 2275 χρόνον

256 2285 452 2364 έξετάσαντες
475 2284 537 2350 άπὸ
554 2288 617 2351 τῶν
637 2288 794 2369 σπονδῶν,
815 2288 858 2376 τῳ
875 2290 1004 2367 βασιλεῖ
1027 2285 1072 2372 μὴ
1104 2279 1170 2351 oir’
1194 2289 1228 2352 έκ
1257 2305 1384 2373 προ-ου·

258 2388 392 2472 φανοῦς,
417 2376 484 2449 οὖν’
499 2388 532 2461 ἐξ
547 2381 665 2469 α’δηλου
682 2382 870 2470 προφάσεως
889 2379 1032 2469 εὕρισκον
1048 2387 1335 2471 πρασκεκρουκέναι.

258 2482 409 2570 ηἰηθησαν
428 2486 463 2548 δὲ
489 2478 574 2564 ὅμως
595 2481 656 2547 άπδ
675 2481 822 2568 τοιαύτης
846 2483 949 2558 αἰτίας
974 2482 1160 2566 ένδέχεοθαι
1177 2481 1335 2571 πρόφασιν

257 2576 311 2646 τὸν
330 2581 462 2662 πόλεμον
480 2576 519 2647 άν
539 2591 637 2665 σχεῖν.
1165 2572 1167 2580 ¹
1244 2644 1248 2650 .

164 2682 254 2759 nfttt
339 2678 401 2763 μγ’.
432 2683 480 2765 Τῷ
495 2678 608 2768 πρώτῳ
625 2678 858 2762 βεβασιλευκότι
885 2677 1050 2762 Ῥωμαίων
1069 2678 1277 2768 Παλαιολόγῳ
1291 2681 1337 2767 τῷ

259 2781 395 2863 Μιχαὴλ
416 2770 546 2865 ἄρρενες
562 2788 647 2865 τρεῖς
664 2779 858 2864 γεγένιηνται
873 2781 990 2862 παῖδες,
1011 2770 1103 2857 οὗτός
1118 2802 1151 2843 τε
1168 2776 1262 2861 ὅμετ’
1275 2771 1377 2844 art-25

258 2968 450 3027 secertiorcm
468 2968 540 3019 iecit
578 2966 649 3021 laus
667 2967 695 3020 it
713 2967 747 3020 ad
766 2969 824 3021 eius
846 2967 987 3021 arbitrium
1006 2966 1106 3022 reiecit.
1141 2963 1258 3018 Michael
1274 2981 1336 3017 cum

257 3038 605 3108 'couiugc'l'acrnornianum
621 3041 713 3092 venit:
733 3039 774 3091 ibi
792 3037 850 3091 dies
869 3047 930 3091 octo
948 3057 1007 3090 cunr
1026 3037 1093 3108 ipsis
1111 3038 1256 3104 imperator
1275 3051 1338 3086 ver-

176 3157 181 3164 ,
258 3116 330 3159 satus
351 3115 399 3159 est
436 3108 502 3160 lnde
520 3116 583 3176 post
598 3118 719 3160 mutuam
736 3107 901 3161 hilaritatem
921 3109 1109 3180 laetitiamque
1127 3105 1266 3176 digressis,
1284 3105 1339 3156 im·
1424 3170 1427 3175 Ι

255 3187 366 3247 perator
389 3176 575 3244 Didymotielri
601 3180 727 3230 nuntium
755 3180 789 3231 ab
813 3181 906 3231 amicis
931 3179 1058 3245 Byzantio
1082 3179 1192 3229 missum
1218 3175 1338 3237 invenit,
1368 3209 1376 3226 ι

256 3262 352 3306 avum,
371 3245 445 3316 quod
463 3263 478 3299 e
496 3246 659 3317 quibusdam
679 3248 789 3301 indiciis
821 3256 849 3300 et
872 3249 1040 3300 sermonibus
1067 3250 1126 3300 eius
1143 3247 1240 3298 liceret
1258 3244 1339 3296 colli-

258 3329 337 3385 gere,
354 3315 457 3367 bellum
486 3320 511 3368 ei
538 3324 681 3369 moturum.
718 3318 780 3388 Qua
806 3320 845 3370 rei
872 3321 993 3372 novitate
1011 3319 1100 3371 statim
1118 3314 1337 3383 obstupefactus,

258 3383 369 3436 credere
392 3385 502 3438 distulit
524 3388 671 3459 amicisque
689 3389 839 3440 renuntiari
857 3388 953 3452 iussit,
972 3406 1000 3441 se
1018 3389 1074 3439 illis
1092 3387 1126 3440 cle
1145 3381 1339 3438 benevolentia

258 3471 366 3523 magnas
381 3453 482 3507 habere
496 3458 605 3525 gratian
625 3456 704 3511 (lictis
718 3457 781 3510 ideo
799 3456 878 3508 iidem
896 3447 951 3510 non
966 3457 1096 3520 tribuere,
1114 3456 1188 3539 quod
1206 3470 1246 3518 ea,
1267 3468 1338 3523 quae

261 3524 424 3589 dicerentur,
442 3524 616 3578 vehementer
624 3528 717 3578 nollet.
752 3527 854 3578 Docere
873 3528 954 3596 ipsos,
972 3536 1004 3579 ut
1021 3527 1203 3587 amicissumos,
1222 3537 1278 3577 rem
1295 3539 1340 3574 su·

261 3595 427 3647 curatissimc
444 3593 569 3665 indagare
583 3596 716 3714 Ιριιοιληιιιε
733 3595 805 3648 haud
823 3594 908 3649 dubie
925 3614 1015 3650 verum
1033 3596 1240 3665 comperissent,
1258 3607 1339 3660 super

259 3680 292 3717 eo
312 3679 428 3716 munere
473 3664 546 3716 llaec
563 3666 581 3714 ‘i
605 3682 620 3716 c
644 3667 736 3717 amicis
757 3665 921 3732 Byzantium.
972 3667 1112 3737 Congressi
1142 3663 1242 3718 deinde
1264 3662 1337 3731 ipsi,

257 3750 368 3801 maguus
385 3733 547 3798 domesticus
571 3740 600 3784 et
615 3743 811 3803 protostrator,
836 3735 1079 3798 scrutabuntur‚·si
1093 3734 1201 3803 culpam
1218 3737 1339 3785 comme-

257 3803 376 3855 ruissent
390 3803 526 3875 aliquam,
547 3819 615 3873 quae
628 3821 715 3867 avum,
732 3814 811 3873 rupta
826 3821 902 3874 pace,
924 3806 959 3858 ad
980 3806 1082 3860 beilum
1099 3807 1158 3856 iure
1170 3809 1337 3875 provocaret.

256 3872 320 3925 Post
345 3873 452 3943 longam
477 3880 506 3925 et
535 3872 655 3925 crebram
677 3874 883 3946 inquisitionem
903 3892 988 3946 usque
1013 3894 1029 3930 a
1054 3875 1164 3929 foedere
1188 3872 1338 3941 composito

257 3940 293 3994 sd
306 3941 383 3994 illum
399 3942 471 3994 ‹licm
487 3960 538 3995 nec
554 3951 654 4013 aperta,
674 3961 724 3995 nec
739 3946 844 3998 occulta
859 3948 999 3999 occasione
1014 3946 1115 3999 secius
1130 3944 1196 3996 iram
1207 3943 1338 3994 meruisse

256 4012 441 4070 inveniebant.
456 4012 653 4065 Existimabaut
664 4014 751 4065 nihilo
762 4016 849 4067 minus
864 4035 881 4068 a
896 4017 945 4068 tali
959 4033 1037 4068 causa
1046 4015 1150 4068 bellum
1164 4013 1339 4080 nascipossc·

326 4081 367 4149 43.
402 4081 530 4134 michaeli
556 4084 643 4153 primo
671 4086 851 4137 Romanorum
869 4086 1026 4156 imperatori
1045 4083 1203 4153 Palaeologo
1223 4081 1338 4134 fuerunt

256 4150 309 4206 lilii
326 4152 386 4206 nati
402 4159 466 4214 tres,
477 4152 655 4234 ¹Andronicus
669 4154 735 4220 istc,
754 4155 802 4227 qui
819 4162 884 4227 post
898 4162 1038 4227 meantem
1055 4153 1241 4227 imperitavit,
1260 4150 1338 4238 Con-f
