3000 4742
264 189 349 277 300
674 214 955 284 csuraotmm

120 375 358 436 mitissimo
377 365 458 455 πρὸς
483 366 618 451 βασιλέα
644 367 699 436 τόν
720 376 763 449 ζτε
781 364 918 457 σταυρόν
943 370 1089 455 φέροντες
1114 362 1169 435 σοι’
1186 363 1342 452 ἐπαγγελ-

265 474 369 545 λοντες
390 462 449 534 ὅσα
470 465 693 552 οἷπολογήσοιτο
712 465 731 532 δ
747 467 894 555 Μιχαήλ,
913 465 1060 550 βασιλεὺς
1078 469 1139 549 μὲν
1157 465 1236 555 πρὸς
1249 466 1340 550 Ἰβό-

265 591 322 652 νην
340 564 396 633 καὶ
412 562 487 642 τοός
507 564 646 642 Μυσοὺς
670 565 711 633 τοὶ
734 570 793 633 τοῦ
812 568 968 654 σφετέρου
997 566 1152 650 βασιλέως
1171 563 1341 653 γράμματα

265 668 412 751 πέπομφε
430 664 487 731 ιιαέ
503 661 540 731 τό
561 665 682 752 πτερόν.
702 664 733 731 οἱ
752 667 788 732 δὲ
809 664 926 743 ἐδόντες
946 660 1149 751 οἷνεχοόρηοαν
1168 662 1268 740 εόθός
1292 665 1341 729 ἐπ’

266 762 366 830 οἴκου.
385 760 465 828 dise
486 765 586 829 rusiae
600 765 659 847 μὲν
679 767 724 841 εές
742 767 832 830 roias
853 761 1005 829 ἐτελεότα·
1025 761 1173 846 βασιλεός
1193 765 1229 829 δὲ
1241 765 1276 828 ἐν
1290 757 1362 840 aim

266 863 400 951 ἡμέραις
420 860 454 929 ui
467 869 630 950 πρεσβεῖαι
645 863 779 949 ἐγίνοντο
801 860 879 951 πρὸς
901 860 978 939 roric
1001 861 1156 946 Μυσοός,
1187 860 1341 945 κλιμακός

266 984 302 1026 τε
323 963 379 1027 nui
392 955 455 1028 ὅσα
482 954 562 1028 ἄλλα
589 960 751 1048 ἐπιτήδεια
777 953 818 1049 ἦν
842 959 923 1048 πρός
945 959 1004 1047 τήν
1028 961 1221 1049 ἐπιχείρησιν
1243 984 1343 1047 παρε-

239 1059 437 1139 Βσιιευόζετο
455 1059 646 1140 Βυζαντόιυ.
667 1062 723 1128 ιιαδ
744 1057 852 1146 ἐπειδή
870 1060 970 1126 πάντα
994 1057 1196 1147 ἐπεπόριστο,
1217 1061 1342 1137 εέςΒυ-

266 1155 389 1237 ζόντιον
404 1155 424 1224 ό
441 1156 593 1245 Κόμαρις
607 1156 719 1242 ἐλθοόν,
740 1156 912 1244 ἐπήγγελλε
929 1163 995 1236 τοῖς
1009 1154 1155 1245 ἑταίροις.
1176 1157 1233 1222 καί
1244 1155 1342 1222 νόιιτα

266 1252 455 1342 τηρήσαντες
470 1252 531 1324 aiud
552 1256 770 1344 συνθήματος,
791 1259 826 1324 ἐν
841 1249 864 1346 d
880 1258 944 1324 raia
965 1259 1078 1338 τειχῶν
1102 1251 1196 1321 edroi
1214 1253 1379 1336 ἔμελλονιο

268 1347 400 1420 ἔσεσθαι
424 1357 459 1422 ἐν
477 1358 619 1443 φυλακῇ,
645 1354 750 1446 ήμέρρ
773 1355 883 1445 πρότη
899 1356 956 1441 τῆς
973 1349 1158 1438 ἑβδομάδος,
1176 1355 1251 1418 καθ’
1265 1348 1343 1438 ήνῆ

268 1452 323 1537 τῆς
337 1455 396 1517 rosi
408 1449 500 1539 ἁγίου
518 1454 695 1536 πνεύματος
709 1452 850 1521 καθόδου
866 1459 1001 1520 τελεῖται
1019 1448 1112 1540 ἑορτή
1121 1503 1131 1535 ,
1156 1449 1233 1540 πρὸς
1250 1457 1344 1534 βασι-

268 1548 327 1614 λέα
343 1544 441 1629 αδθις
465 1549 485 1616 ό
502 1550 656 1640 Κόμαρις
670 1549 773 1619 ἐλθόν
790 1546 894 1631 incites
911 1546 991 1637 πρός
1013 1548 1049 1617 τό
1069 1548 1166 1636 ἔργον.
1186 1551 1344 1615 τελεσθεί-

268 1673 327 1735 σης
349 1651 385 1715 δέ
406 1651 463 1735 τῆς
482 1654 573 1729 θείας
586 1651 828 1736 μυσταγωγίας,
854 1647 902 1717 ἔτι
933 1650 968 1716 δέ
988 1647 1044 1714 καί
1063 1651 1127 1714 τῶν
1144 1644 1254 1731 όμναν
1279 1650 1342 1714 τῶν

268 1741 458 1835 ἕσπερινοῖν,
479 1739 613 1836 ἄραντες
641 1750 677 1814 ἐκ
699 1750 755 1816 τοῦ
774 1749 986 1835 στρατοπέδου
1014 1748 1072 1812 τοῦ
1090 1749 1125 1813 ἐν
1145 1743 1272 1832 Λόγους
1289 1748 1382 1817 nadab

221 1920 224 1925 ,
267 1840 316 1930 τό,
330 1867 365 1911 τε
382 1846 539 1913 euoenon
560 1846 748 1930 βαδισαντες
769 1847 825 1931 τῆς
836 1843 959 1935 ἡμέρας
978 1842 1035 1911 κατ’
1051 1841 1087 1910 τό
1102 1846 1196 1910 πλέον
1214 1846 1273 1930 τῆς
1288 1868 1344 1909 νυ.
1449 1924 1452 1933 ’

269 1941 353 2026 ιιτός,
371 1942 530 2028 γενόμενοι
545 1946 580 2011 ἐν
594 1945 703 2034 χωρίῳ
714 1945 845 2011 Κλέπτα
861 1942 1022 2029 ἐγχωρίους
1038 1943 1344 2030 προσαγορευομένῳ,
1486 1942 1487 1971 ¹

239 2040 319 2126 cro',
333 2064 367 2109 τε
384 2040 543 2108 ἐπίλοιπον
555 2045 612 2128 τῆς
629 2040 741 2122 νυκτός
758 2045 814 2109 καί
837 2034 915 2129 δι’χρι
929 2040 1022 2128 δήλης
1041 2039 1160 2128 ήμέρας
1175 2041 1343 2128 ηὐλίσαντο

267 2141 341 2204 ἐκεῖ.
361 2137 418 2204 uui
428 2137 509 2223 μετὰ
528 2143 617 2206 τοῦτο
642 2133 774 2226 ἄραντες
795 2141 933 2223 ἐκεῖθεν,
963 2140 1022 2216 ἕως
1048 2141 1206 2224 ἐπεγένετο
1232 2135 1344 2223 ήνόξ,

268 2228 370 2319 ήλθον
384 2234 429 2315 εἴς
442 2262 476 2303 τι
494 2240 611 2324 χοιρίον
625 2238 662 2303 οὔ
674 2237 755 2305 nolti
771 2233 892 2322 όπέχον
902 2234 1089 2320 Βυζαντίου,
1106 2240 1165 2302 rosi
1178 2235 1382 2319 Ἀμβλυοό-αο

269 2356 332 2399 που
355 2334 671 2424 προσαγορευόμενον.
700 2335 758 2403 aul
778 2336 1018 2425 καρτερήσαντος
1044 2336 1125 2418 ἐκεῖ,
1158 2332 1343 2416 διεκόσμουν

268 2429 327 2516 τήν
348 2432 513 2519 στροτιιὶν,
541 2433 598 2499 καὶ
614 2433 674 2511 τοὶς
689 2437 749 2518 μὲν
765 2436 918 2517 κλίμακας
935 2428 1031 2511 οόσας
1056 2431 1113 2499 δόο
1128 2431 1163 2499 ἐκ
1183 2457 1217 2499 τε
1239 2429 1342 2497 κόλων

270 2527 327 2594 uui
343 2529 475 2608 ξυλίνων
490 2531 658 2616 βαθμίδων
675 2535 897 2617 πεποιημένας,
917 2523 962 2598 ὦν
981 2534 1037 2618 τῆς
1052 2534 1111 2613 μὲν
1129 2524 1260 2618 ήρχενό
1281 2535 1342 2613 βα-

269 2625 394 2712 σιλεός,
414 2626 545 2714 όμέγας
566 2631 602 2695 δέ
621 2631 803 2714 δομέστιιιος
815 2633 872 2716 τῆς
890 2625 1018 2718 ἐτέρας,
1037 2630 1221 2696 δυοκαίδεκα
1244 2650 1343 2716 στρα-

340 2765 366 2818 3.
378 2762 530 2835 legebatur
543 2766 696 2839 σφετέριυν.

270 2874 404 2921 venerunt
419 2868 468 2940 qui
484 2885 589 2923 crucem
607 2868 749 2933 serebant,
766 2866 909 2922 Michaelis
925 2883 1084 2938 responsum
1101 2865 1274 2922 nuntiarunt:
1291 2864 1342 2938 qul

269 2936 305 2988 ad
323 2936 434 2992 lbanem
451 2946 480 2992 et
495 2940 601 2994 Moesos
621 2957 650 2993 re
669 2942 691 2992 's
708 2941 828 3010 ipsorum
844 2939 947 2992 litteras
967 2955 1028 2990 eum
1044 2939 1086 2990 ala
1103 2938 1185 2993 misit
1219 2939 1256 2991 Iis
1274 2953 1343 2989 oon-

271 3008 387 3076 spectis,
405 3008 513 3063 domum
532 3012 622 3064 statim
639 2958 716 3063 adire
733 3017 888 3079 coeperunt
905 3010 940 3063 Et
956 3005 1024 3060 haee
1039 3007 1152 3078 quidem
1170 3004 1243 3059 hunc
1259 3007 1344 3059 linem

269 3085 350 3130 nacta
374 3087 444 3131 runt.
485 3081 634 3151 Imperator
657 3088 748 3132 autem
814 3080 875 3131 lbua
894 3077 991 3131 diebus
1017 3078 1119 3148 legatus
1146 3076 1219 3146 apud
1234 3078 1344 3130 Moesos

270 3154 345 3209 erat,
374 3149 409 3201 ils
435 3149 500 3219 ipsis
520 3152 605 3203 scalae
622 3158 651 3203 et
675 3151 731 3203 alia
759 3165 773 3198 a
820 3166 893 3219 oppu
931 3148 1029 3200 andum
1054 3148 1211 3217 Byzantium
1236 3163 1343 3200 accom-

269 3214 381 3268 modata
401 3219 555 3291 apparabat.
591 3221 693 3273 Paratis
719 3218 860 3282 omnibns,
885 3167 1002 3272 ddmaris
1028 3233 1061 3270 eo
1086 3234 1235 3288 regressui,
1259 3218 1342 3270 sociis

271 3301 328 3338 rem
346 3286 486 3341 iudicavit.
520 3290 555 3342 Et
574 3299 653 3342 noete
675 3288 713 3342 ‘de
735 3298 874 3360 compacto
893 3288 1048 3353 observata,
1073 3304 1127 3357 qua
1144 3287 1196 3356 ipsi
1215 3286 1341 3339 excubias

271 3354 302 3406 in
318 3357 401 3408 muris
419 3366 497 3409 erant
514 3362 619 3423 acturi,
642 3360 730 3429 prima
748 3358 794 3412 dle
814 3357 1007 3420 hebdomadis,
1034 3373 1103 3429 quae
1121 3357 1206 3409 tancti
1224 3357 1341 3428 Spiritus

271 3423 462 3478 descendentis
478 3431 607 3482 memoria
625 3428 740 3481 celebria
759 3437 809 3492 est,
825 3427 933 3481 rediens
952 3428 987 3480 ad
1004 3428 1194 3497 imperatorem
1212 3426 1341 3489 Cameris,

270 3494 307 3547 nd
326 3510 394 3563 opus
421 3512 481 3547 eum
505 3506 589 3551 vocnt
636 3498 768 3551 Absoluta
794 3514 856 3571 ergo
882 3495 974 3551 divina
997 3498 1178 3567 mystagogia,
1200 3505 1341 3565 praeterea

269 3563 376 3631 hymnis
398 3568 577 3635 vespertinis,
608 3577 693 3621 caetra
718 3568 797 3639 Logia
819 3575 973 3627 moventes.
996 3584 1028 3620 ae
1072 3584 1100 3619 er
1124 3565 1259 3637 reliquum
1282 3566 1340 3619 diei

269 3635 471 3706 plurimumque
497 3638 584 3688 noetis
608 3636 777 3707 gradientes,
803 3646 832 3691 et
855 3635 890 3689 ad
917 3637 1006 3689 locum
1030 3585 1069 3689 τό
1088 3636 1224 3708 indigenis
1242 3637 1340 3706 crepta

269 3706 440 3757 nominatum
463 3708 672 3777 pammcator,
697 3722 784 3782 nsque
810 3707 846 3761 ad
870 3707 969 3759 claram
992 3708 1079 3760 lucem
1102 3706 1143 3757 ibi
1190 3708 1339 3760 uierernnt.

269 3774 337 3827 Inde
363 3792 455 3828 rursus
470 3794 502 3828 us
523 3793 557 3829 ue
581 3774 614 3827 ad
639 3784 746 3829 noctem
768 3777 948 3844 ambulantes,
972 3777 1152 3846 Amblyopnm
1170 3723 1239 3847 dinei
1261 3793 1341 3831 voea-

269 3844 364 3896 bulum
383 3854 424 3899 est
447 3794 521 3902 haud
548 3847 642 3917 procul
660 3847 800 3920 Byzantio)
817 3855 956 3903 venerunt.
991 3848 1056 3907 lllio¹
1069 3855 1221 3908 morantes,
1239 3846 1269 3899 in
1293 3863 1340 3897 or·
1366 3892 1370 3903 ,

269 3914 361 3967 dinem
379 3917 525 3973 exercitum
542 3916 709 3988 digerebant.
747 3919 782 3971 Es
800 3917 911 3989 quidem
928 3919 1013 3970 scalas
1031 3917 1127 3979 binas,
1154 3923 1243 3968 tame
1264 3916 1340 3968 funi·

267 3984 329 4048 bna,
348 3994 406 4038 tum
424 4004 439 4038 o
457 3988 553 4058 ligneis
571 3989 706 4061 gradibus,
724 4006 837 4063 quarum
855 3989 917 4041 unia
934 3995 1056 4057 praeerat
1075 3987 1228 4056 imperator,
1245 3986 1340 4038 alteris

267 4072 378 4126 maguus
396 4054 577 4123 domesticus,
594 4058 728 4117 duodenis
746 4058 881 4112 militibus
899 4057 1028 4110 utramvis
1047 4056 1249 4126 imposuerunt:
1267 4073 1338 4126 qno-

267 4142 325 4182 rum
350 4134 411 4181 ootu
430 4128 561 4195 Romani,
585 4129 684 4207 reliqui
708 4147 742 4185 ea
767 4130 903 4187 memsuis
926 4122 1025 4184 Latini
1060 4127 1219 4200 maritumi
1248 4133 1339 4183 ratem
