3000 4742
232 263 300 328 xtv
653 258 679 317 l.
708 251 886 321 PONTle

234 432 439 517 Nicephorum
455 429 621 511 Gregoram
637 423 734 489 multa
753 447 824 488 cum
843 424 1027 509 acrimonia,
1063 441 1095 493 et
1106 431 1202 494 fusius
1218 435 1315 516 posits

235 535 286 616 (ne
316 530 445 613 amplius
474 526 640 590 verborum
667 527 700 587 in
732 546 767 587 re
794 549 904 609 purum
929 528 1068 612 ambigua
1094 535 1315 616 consumamus)

233 632 393 694 manifeste
411 628 500 691 nobis
518 624 729 710 astipulantur.
778 626 843 688 Ubi
863 649 936 711 prae
953 628 1157 712 indignatione
1175 633 1317 694 dissimu-

234 727 313 794 latae
327 750 472 813 personae
482 730 661 805 immemor,
691 748 827 788 caussam
841 749 928 788 suam
946 732 1114 792 accuratius
1129 734 1203 814 agit,
1224 754 1318 815 quam

234 831 311 893 alius
329 851 386 913 pro
403 851 440 891 eo
459 832 582 913 egisset:
605 829 723 889 tametsi
739 827 772 889 id
792 829 985 911 postmodum
1003 831 1264 915 animadvertens,
1285 834 1317 894 in

234 928 316 993 vium
331 930 453 1011 redeat,
485 949 666 1012 rursumque
683 930 737 1009 qui
754 930 813 1010 sit,
844 929 1032 992 dissimulare
1050 930 1178 994 studeat

318 1031 460 1114 Sequitur
482 1041 518 1092 ut
540 1028 581 1091 de
606 1031 780 1091 oeconomia
808 1030 941 1092 breviter
961 1042 993 1092 te
1021 1053 1208 1095 moneamus.
1261 1034 1318 1097 His

235 1142 366 1215 quatuor
391 1126 477 1192 libris
502 1151 550 1193 res
571 1129 628 1192 sub
648 1141 779 1213 unoque
802 1129 998 1211 Andronico,
1037 1154 1115 1213 avo,
1144 1145 1175 1195 et
1194 1145 1318 1216 nepote,

238 1242 270 1292 et
291 1230 348 1292 sub
368 1230 575 1292 Cantacuzeno
587 1229 719 1292 filiorum
741 1232 860 1314 nepotis
879 1242 996 1310 tutore,
1025 1242 1116 1315 atque
1137 1235 1320 1314 imperatore

180 1391 185 1406 ‚
235 1341 336 1413 gestae
350 1330 567 1414 explanantem:
597 1330 661 1410 sio,
681 1340 717 1391 ut
737 1333 854 1413 primus
874 1329 1057 1397 discordium
1086 1342 1117 1394 et
1132 1330 1213 1393 bella
1238 1334 1320 1393 inter

235 1428 446 1492 Androniooss
479 1428 556 1491 alter
576 1430 738 1512 imperium
757 1432 901 1492 minoris:
939 1433 1046 1493 tertius
1071 1431 1186 1493 bellum
1208 1432 1319 1492 Canta·
1423 1488 1427 1495 ,

233 1533 339 1593 curent
377 1550 449 1592 cum
483 1530 735 1593 obtrectatoribus
763 1542 794 1593 et
816 1531 965 1593 inimicias
992 1543 1163 1615 postremus
1187 1532 1322 1593 eiusdem

234 1630 358 1691 victoris
386 1651 423 1692 ac
450 1629 679 1712 triumphatoris
702 1640 840 1713 tempora
858 1643 1075 1714 persequaturs
1096 1635 1129 1692 in
1151 1652 1213 1715 quo
1229 1634 1322 1694 etiarn

234 1729 452 1811 subtextmtur,
483 1751 562 1812 quae
575 1733 655 1791 inter
676 1730 821 1791 ioannem
835 1730 1052 1814 Palaeologum
1073 1731 1241 1815 legitimum
1262 1732 1319 1793 he·

232 1828 359 1909 rudem,
390 1834 421 1891 et
432 1830 526 1912 patris
545 1831 592 1890 sui
607 1827 774 1889 Andronici
789 1850 1003 1908 successorem,
1024 1850 1223 1914 socerumque
1237 1832 1319 1893 Can·

233 1939 432 2006 tacuzenum,
460 1937 492 1987 et
514 1925 649 1987 eiusdem
669 1925 766 1986 filium
781 1927 970 1988 Matthaeum
984 1932 1068 2008 (cum
1087 1931 1197 2011 qtribus
1212 1932 1321 1992 ambo-

233 2028 292 2091 bus
305 2026 464 2088 dissidium
477 2027 505 2086 ei
518 2024 705 2105 intercessit)
718 2026 921 2107 contigerunt.
963 2026 1099 2087 Tametsi
1113 2037 1144 2088 et
1155 2030 1187 2088 in
1201 2030 1322 2095 duobus

234 2125 388 2211 prioribus
408 2136 472 2186 tam
495 2122 592 2185 multa
611 2123 651 2185 de
678 2123 887 2185 Cantucuzeno
908 2136 1143 2186 commemorata
1165 2137 1256 2205 sunt,
1286 2137 1323 2187 ut

236 2225 321 2310 quod
334 2226 367 2287 in
380 2223 506 2309 epistola
519 2221 677 2301 Nilusait,
695 2243 766 2285 eum
780 2216 967 2304 odroupydv,
978 2223 1036 2284 hoc
1051 2235 1108 2303 est,
1128 2224 1220 2286 rebus
1233 2228 1323 2307 ipsis·

237 2332 302 2389 met
321 2346 444 2406 coram,
481 2335 518 2413 ut
531 2334 685 2405 actorem,
719 2321 861 2404 affuioe,
888 2322 1131 2406 aequedeillis,
1162 2324 1322 2408 utdepo-

239 2425 415 2489 acrioribus
438 2421 666 2507 intelligendum
688 2421 840 2511 ridentem.

321 2529 413 2589 Gesta
435 2537 507 2589 sunt
531 2537 633 2587 autem
652 2526 755 2587 omnia
776 2523 817 2585 ab
839 2538 920 2587 anno
941 2536 1011 2609 post
1033 2526 1188 2589 Christum
1217 2538 1325 2590 natum

238 2612 401 2693 millesimo
411 2628 621 2690 trecentesimo
640 2627 788 2710 vigesimo
801 2627 922 2708 primo,
954 2625 993 2687 ad
1007 2647 1121 2687 annum
1135 2626 1204 2709 plus
1224 2629 1325 2689 minus

239 2730 522 2814 quinquagesimum
542 2746 678 2806 nouum,
706 2726 794 2787 annis
815 2727 959 2786 nimirum
980 2727 1104 2809 triginta
1124 2746 1252 2805 novem,
1272 2737 1326 2788 sut

239 2831 372 2891 circiter.
417 2829 468 2890 sia
489 2830 571 2889 enim
592 2829 741 2888 rationem
760 2825 966 2887 subducimus.
1017 2825 1147 2887 Michael
1166 2820 1326 2888 Palaeolo⁴

240 2951 297 3013 gus
321 2927 435 3012 collega
449 2931 545 3011 putris
567 2928 614 2989 sui
629 2925 798 2988 Andronici
820 2937 960 2987 mortuus
974 2935 1020 2987 est
1032 2923 1193 2986 millesimo
1206 2937 1326 2987 trecen-

238 3031 348 3091 tesimo
362 3030 507 3111 vigesimo
526 3030 638 3111 primo.
680 3024 798 3088 Eodem
819 3028 886 3108 ipso
900 3047 981 3088 anno
1003 3027 1039 3107 (si
1054 3046 1073 3085 a
1086 3024 1255 3109 Septembri
1267 3026 1327 3086 du·

241 3151 293 3191 css
307 3129 379 3190 anni
393 3131 526 3207 initium,
552 3141 588 3191 ut
603 3130 710 3190 Graeci
725 3126 848 3208 ducunt)
863 3126 978 3189 bellum
991 3128 1070 3188 inter
1084 3148 1197 3207 avum,
1227 3137 1259 3187 et
1271 3140 1328 3186 ne·

241 3241 345 3313 potem
358 3240 479 3309 exarsit,
500 3228 682 3313 duravitque
701 3230 875 3291 sexennium
904 3240 1082 3291 etmensem
1108 3249 1225 3305 unum,
1245 3228 1328 3287 utin

243 3327 326 3391 ealce
346 3326 417 3389 libri
437 3330 528 3411 primi
548 3326 677 3390 relatum
691 3340 747 3391 est.
787 3330 879 3393 Victo
893 3349 973 3408 avo,
988 3330 1088 3415 ‚nepm
1101 3326 1183 3388 solus
1198 3326 1329 3408 praeibit

244 3431 373 3513 imperio
386 3431 614 3514 annisviginti,
633 3432 782 3492 uvarum
803 3430 908 3492 scribit
928 3430 1090 3512 Gregoras.
1133 3429 1204 3507 Quo
1219 3428 1328 3488 evivis

246 3528 385 3609 mhlato,
405 3529 593 3613 pupillorum
613 3529 739 3591 tutelam
760 3533 850 3614 gessit
864 3531 1110 3607 Cuntacuzenus,
1135 3530 1186 3588 vix
1200 3547 1327 3598 annum,

245 3639 282 3690 rt
294 3628 436 3713 colligere
454 3640 522 3691 est:
553 3630 698 3694 adversus
720 3649 812 3714 quem
832 3628 941 3691 deinde
961 3640 996 3690 ut
1019 3639 1184 3712 tyr-annum
1205 3627 1330 3687 nomine

245 3729 356 3792 viduae
381 3732 602 3814 imperatricis,
637 3743 668 3795 et
697 3731 828 3793 liberum
858 3733 922 3792 eius
943 3727 1057 3792 bellum
1087 3728 1331 3789 administratum

247 3839 294 3891 est
305 3831 393 3892 annis
406 3833 551 3914 quinque.
582 3833 630 3895 Eo
644 3833 730 3896 linito
741 3834 979 3911 Cantacuzeuus,
995 3829 1066 3892 data
1081 3828 1186 3891 loanni
1202 3826 1329 3888 Palaeo⁴

245 3932 317 4019 logo
331 3937 364 3997 in
385 3939 611 3999 matrimonium
632 3935 715 4016 tilia,
736 3936 841 3998 decem
854 3955 949 3997 annos
963 3933 1003 3994 ab
1016 3954 1053 3994 eo
1067 3931 1240 4016 paciscitur,
1260 3926 1330 4009 qui·

248 4034 306 4097 bus
320 4056 414 4119 penes
426 4058 459 4099 se
472 4040 592 4122 imperii
607 4037 786 4122 gubernatio
806 4058 876 4098 cum
890 4036 1012 4098 nomine
1025 4043 1164 4095 maneat:
1188 4048 1278 4113 penes
1290 4024 1329 4086 il-

250 4134 315 4199 lum
338 4158 450 4202 nomen
487 4138 642 4203 dumtaxat
666 4150 702 4203 et
727 4139 857 4223 dignitus
886 4137 1100 4221 imperatoria,
1129 4133 1225 4195 donec
1246 4138 1329 4189 aetas
