3000 4742
233 233 353 321 ,338-
394 218 425 268 ““
657 252 940 320 munierum

100 424 339 494 testatum,
366 412 409 475 δι’
428 404 546 473 ἑαυτοῦ
564 409 623 472 τοῦ
641 405 781 492 μεγάλου
803 402 987 488 δομεστίκου
1007 404 1249 480 έπιστατοῶντος
1269 405 1348 470 δίει,

247 512 306 577 τοῦ
326 506 373 594 μή
393 532 426 573 τι
444 510 508 573 τῶν
527 503 571 592 με)
591 502 811 593 προσηκόντων
829 508 978 589 γενέσθαι
1004 497 1026 590 ἢ
1052 504 1107 568 διά
1128 498 1337 593 ῥφῖυμάινῆ

145 606 299 675 Moddtd
321 605 491 673 κακόνοιαν
509 607 574 671 τῶν
593 604 883 697 έπιτετραμμένων,
914 601 970 668 καί
999 601 1037 667 οὔ
1057 599 1170 689 μικρόν
1188 625 1258 668 τινα
1278 601 1334 666 διὰ

242 708 342 773 ταῦτα
363 703 419 771 τὸν
438 700 534 769 πόνον
553 702 784 791 ὑφισταμένου,
806 696 893 784 ὅμως
915 701 1089 785 ἀναγκαίαν
1107 698 1166 786 τὴν
1182 697 1335 785 πρόνοιαν

242 807 299 870 καί
316 800 375 889 τὴν
394 799 449 869 ἐπί
465 805 543 866 πᾶσι
564 801 719 889 φροντίδα
739 802 937 884 λογιζομένου
949 798 1013 864 ’καί
1031 801 1182 887 φέροντος
1200 795 1254 863 τὸν
1274 797 1354 876 soi-5

240 925 342 987 ματον
368 903 441 990 σιγῇ
448 904 462 984 ,’
494 896 568 965 τότε
599 902 635 966 δὲ
653 901 719 965 τῶν
738 897 905 987 ἐμφυλίων
933 901 1078 982 πολέμων
1095 899 1259 985 ,λυθέντων
1278 895 1336 963 καί

240 999 451 1080 πεπαυμένων
471 1000 536 1065 τῶν
556 998 731 1081 ἐπιβουλῶν
750 1000 806 1063 καί
817 997 992 1079 ὑπονοιῶν,
1009 993 1090 1081 ἔγνω
1111 998 1178 1061 δεῖν
1197 997 1254 1061 καί
1272 994 1336 1061 ου’-

239 1098 296 1174 τός
314 1099 378 1163 τῶν
397 1094 504 1163 πόνων
523 1091 637 1162 ἑαυτὸν
657 1095 779 1164 άνεῖναι
797 1094 931 1182 μικράν.
964 1097 1021 1162 καί
1046 1098 1177 1177 βασιλεῖ
1198 1097 1334 1180 προσελ-

238 1194 319 1282 uoto,
339 1196 396 1263 τάν
415 1220 451 1262 τε
471 1197 525 1263 έπί
544 1197 601 1261 sori
618 1195 781 1283 προτέρου·
790 1193 907 1281 χρόνον
927 1191 1008 1283 πρὸς
1026 1189 1084 1279 τὴν
1100 1190 1252 1278 διοινησιν
1264 1195 1334 1258 τῶν

239 1298 434 1382 πραγμάτων
454 1299 591 1381 διηγεῖτο
612 1293 705 1360 πόνον
723 1292 780 1360 καί
797 1292 849 1376 ῶς,
870 1296 933 1360 τῶν
952 1290 1119 1380 ἐμφυλίων
1139 1293 1243 1359 κακῶν
1267 1283 1382 1378 {idm

241 1397 449 1476 πεπαυμένων
463 1397 519 1458 καί
538 1393 680 1476 ὑποψίας
700 1383 796 1478 οὔσης
814 1391 974 1474 οάδεμιάς,
995 1395 1068 1458 δέον
1086 1387 1239 1478 πρόνοιάν
1258 1416 1334 1458 τινα

213 1490 439 1578 Βποιήοαοθαι
461 1488 543 1558 ὥστε
563 1493 604 1557 τά
624 1514 660 1556 τε
679 1490 850 1579 πράγματα
868 1486 974 1578 ῶσπερ
994 1490 1148 1578 πρότερον
1161 1492 1264 1567 καλῶς
1277 1488 1335 1557 καί

134 1605 167 1661 V.
185 1592 286 1668 ι68ῶς
306 1594 377 1657 δέον
399 1593 606 1674 διοικεῖσθαι,
639 1589 695 1657 καί
727 1586 826 1656 αὐτόν
846 1589 1032 1676 άναπαάλης
1050 1585 1133 1666 τινὸς
1152 1589 1333 1674 τυγχάνειν.

237 1693 333 1756 τοῦτο
353 1692 390 1757 δὲ
409 1692 520 1775 γένοιτ’
541 1685 591 1772 dv,
612 1690 643 1755 εἰ
660 1689 719 1776 τήν
739 1712 775 1753 τε
789 1691 853 1755 τῶν
868 1690 1041 1772 βασιλικῶν
1054 1686 1248 1774 γραμμάτων
1261 1690 1333 1756 ἐπι-

238 1790 374 1855 στασίαν
394 1787 449 1854 καί
467 1787 526 1875 τήν
546 1786 602 1853 int*
618 1791 679 1854 τοῶ
698 1790 763 1854 τῶν
788 1788 961 1871 βασιλικῶν
980 1787 1154 1874 χρημάτων
1173 1791 1375 1872 ταμιείου,ιό

237 1884 287 1952 ἔτι
315 1890 428 1953 δὲκαὶ
453 1885 511 1972 τὴν
538 1888 678 1953 ἐπὶτῶν
703 1883 957 1973 εἰσπραττόντων
976 1882 1052 1961 rode
1072 1888 1245 1972 δημοσίους
1267 1882 1331 1973 φά-

240 2006 318 2070 ρους
346 1984 479 2070 ἀναθείη
508 1979 605 2074 ἓτέρφ
625 1983 704 2068 τινί,
732 1980 772 2051 ῶν
792 1979 832 2062 du
852 1986 1010 2070 ἐκλέξηται
1030 1982 1143 2060 αάτός.
1179 1981 1332 2067 βασιλευς

237 2086 275 2149 δέ
296 2076 372 2147 οὐδὲ
391 2077 486 2159 αὐτὸς
505 2082 643 2170 ἔφασκεν
661 2076 803 2167 οἷγνοεῖυ,
824 2075 900 2148 ὅσον
920 2081 976 2148 έπί
1001 2084 1060 2147 τοῦ
1079 2084 1232 2168 προτέρου
1249 2080 1333 2167 χρά-

217 2177 294 2248 Ινου
316 2178 473 2268 άφίστατο
493 2180 548 2247 τάν
567 2182 672 2266 πόνον,
694 2185 792 2249 πᾶσιν
812 2179 909 2259 αὐτὸς
927 2180 1124 2269 έφεστηκάς,
1146 2175 1227 2247 άλλά
1248 2184 1332 2248 εἰδέ-

238 2305 293 2347 ναι
312 2303 348 2345 τε
368 2283 489 2364 καλῶς,
510 2279 565 2346 καί
584 2281 645 2365 οὐχ
662 2275 777 2367 ἥκιστα
797 2278 997 2363 θαυμάζειν,
1027 2282 1058 2346 εἰ
1077 2277 1154 2367 πρὸς
1173 2279 1375 2366 τοσαάτηνκο

240 2379 392 2464 διοίκησιν
411 2379 606 2467 πραγμάτων
625 2375 672 2456 εἷς
691 2372 738 2444 ῶν
759 2378 854 2457 αὐτὸς
874 2381 1022 2466 ἐξαρκεῖ,
1063 2376 1113 2445 ἔτι
1141 2382 1177 2444 δὲ
1197 2378 1253 2445 καί
1271 2374 1332 2444 άλ-

238 2490 305 2562 γεῑν
324 2477 406 2567 ὑπὲρ
428 2474 530 2544 αὐτοῦ
539 2530 549 2563 ,
567 2477 622 2545 τὸν
642 2478 782 2562 κάματον
802 2474 839 2543 ὃν
858 2476 1012 2561 άπέμενεν
1031 2479 1161 2546 ἐννοῶν.
1192 2472 1267 2566 ὅπερ
1290 2481 1328 2546 dd

211 2574 338 2657 οαάτάς
358 2576 436 2665 ἔφης
456 2578 656 2663 λογιζόμενος
674 2577 730 2643 καί
748 2572 861 2661 αὐτὸς,
900 2576 944 2653 ῶς
970 2580 1035 2645 τῶν
1055 2577 1220 2666 ἐμφυλίων
1238 2581 1330 2644 ἕνεκα

238 2678 384 2761 πολέμων
407 2680 464 2744 καί
488 2680 551 2744 τῶν
571 2679 748 2762 ἐπιβουλῶν
775 2676 946 2762 άναγκαῖον
966 2678 1019 2765 ἐφ’
1039 2674 1146 2745 άπασί
1160 2700 1198 2745 σε
1216 2684 1332 2766 scupet-

312 2799 351 2853 16.
368 2793 488 2865 άναθείη
505 2797 563 2854 ΕΙ).
583 2799 611 2852 Ρ.
629 2814 680 2870 pro
697 2795 842 2853 ἀναθεῖεν.

239 2898 304 2953 dum
324 2899 516 2962 scriberentur,
537 2915 588 2971 per
604 2916 633 2953 se
648 2918 761 2972 mugnus
779 2898 946 2954 domesticus
963 2899 1133 2975 praefuerat,
1149 2915 1185 2953 ne
1198 2898 1266 2971 qnid
1278 2914 1328 2968 per

241 2970 394 3024 socordiam
413 2972 646 3042 malignitatemve
666 2973 792 3035 aliorum,
823 2971 925 3042 quibus
943 2990 975 3025 ea
993 2973 1240 3033 committerentur,
1259 2970 1331 3022 sini·

237 3043 337 3095 sterius
354 3043 448 3095 fieret:
483 3058 535 3094 nec
552 3042 625 3094 leves
644 3041 674 3095 in
691 3059 724 3095 co
743 3043 852 3095 labores
871 3044 1055 3106 sustinuerat,
1079 3059 1147 3113 qnos
1166 3040 1255 3094 nihilo
1272 3040 1329 3092 mi·

237 3127 299 3172 nus,
317 3115 382 3195 quia
399 3129 491 3165 curam
508 3111 780 3184 sollicitudinemque
797 3114 827 3165 in
842 3115 969 3166 omnibus
985 3114 1163 3166 necessariam
1178 3110 1330 3172 iudicabat,

237 3181 349 3232 silentio
368 3183 533 3250 perferebat
570 3184 649 3235 Tunc
664 3200 739 3246 vero,
757 3184 872 3252 sepultis
889 3185 944 3236 iarn
961 3185 1042 3238 bellis
1057 3183 1185 3237 civilibus
1202 3181 1328 3234 insidiis·

239 3266 293 3370 ραι
311 3268 343 3302 ae
360 3252 578 3321 suspicionibus,
596 3253 651 3304 sibi
669 3270 780 3325 quoque
800 3257 994 3323 occupationes
1010 3255 1181 3325 aliquantum
1196 3255 1326 3304 minuen-

259 3325 289 3371 πο·
303 3337 362 3373 esse
378 3322 529 3374 constituit
566 3321 701 3391 Quocirca
714 3325 874 3393 inperatori
887 3326 1029 3394 praeteriti
1050 3326 1179 3394 temporis
1203 3322 1326 3376 laborio-

239 3407 296 3441 sam
312 3390 576 3444 administrationem
593 3410 669 3445 suam
686 3394 801 3464 exponit
812 3411 844 3445 ac
855 3402 965 3459 monet,
987 3396 1067 3447 malis
1084 3392 1210 3447 civilibus
1232 3402 1261 3446 et
1278 3409 1329 3444 su-

237 3461 362 3528 spiciosis
377 3460 546 3532 temporibus
563 3461 615 3514 iam
630 3467 796 3533 praeteritis,
807 3464 1014 3533 providendum,
1034 3465 1075 3517 uti
1087 3482 1129 3518 res
1146 3461 1327 3535 quemadmo-

238 3530 303 3582 dum
323 3539 401 3594 ante,
420 3532 492 3583 bene
510 3532 693 3604 decenterque
710 3542 903 3604 procurentur,
920 3545 950 3589 et
967 3535 1022 3588 sibi
1040 3538 1162 3606 quietem
1180 3551 1212 3587 ac
1227 3534 1324 3586 remis-

236 3602 341 3653 sionem
355 3602 474 3673 aliquum
492 3602 701 3662 concedendam,
727 3606 925 3658 concessurum
938 3616 1038 3669 autern,
1050 3607 1075 3658 si
1090 3605 1325 3674 imperatoriarnm

236 3670 390 3725 litterarum
416 3679 445 3723 et
464 3673 522 3724 fisci
537 3679 566 3723 et
582 3675 755 3726 exactionum
769 3675 966 3744 praefecturam
993 3677 1022 3729 in
1042 3677 1156 3730 alterum
1171 3675 1326 3738 transierat,

237 3757 319 3809 quern
333 3760 382 3794 suo
394 3743 529 3795 arbitratu
547 3743 686 3812 delegerit
724 3744 874 3814 Respondit
888 3746 1048 3816 imperator,
1068 3745 1126 3799 Nec
1142 3763 1171 3799 se
1190 3747 1325 3814 ignorare,

237 3821 354 3879 quantos
371 3813 419 3865 ille
439 3814 547 3866 labores
566 3812 695 3865 hactenus
711 3813 850 3878 subiisset,
868 3832 929 3869 eum
950 3835 1019 3871 unus
1035 3816 1162 3870 omnibus
1178 3822 1325 3886 praeesset:

237 3881 284 3932 red
304 3882 389 3950 probe
406 3902 499 3947 nosse,
528 3892 556 3936 et
568 3902 737 3954 summopere
753 3885 923 3951 admiratum,
947 3889 1034 3940 solum
1047 3896 1140 3940 mutae
1153 3903 1188 3939 ne
1207 3887 1326 3939 otiorum

234 3952 301 4003 moli
321 3955 497 4008 sustinendae
519 3972 610 4024 parem
630 3972 688 4008 esse
713 3958 845 4026 potuisse.
882 3959 1027 4013 Praeterea
1041 3958 1162 4011 doluisse
1184 3904 1325 4009 dortunam

235 4023 308 4085 eius,
337 4041 397 4076 cum
421 4026 520 4095 quibus
538 4035 706 4096 premeretur
729 4028 859 4080 oneribus
884 4045 975 4082 seeum
1005 4031 1144 4099 cogitaret.
1188 4026 1244 4079 Sed
1263 4043 1326 4079 curn

234 4093 295 4177 ipse
311 4110 423 4179 qnoque
437 4095 640 4161 consideraret,
659 4097 733 4170 quod
750 4097 868 4162 dixerut,
886 4098 1024 4170 quomodo
1040 4108 1151 4170 propter
1165 4097 1241 4151 bella
1255 4096 1325 4149 ciri·

234 4163 274 4216 lrs
289 4171 319 4218 st
332 4165 446 4220 insidias
459 4183 522 4220 eum
538 4168 632 4222 adesse
652 4167 782 4225 omnibus
798 4177 828 4222 et
842 4185 894 4241 per
911 4186 973 4224 eum
989 4171 1049 4224 lieri
1065 4170 1158 4224 omnis
1175 4173 1326 4242 oporteret,
