3000 4742
278 255 360 362 δάν
676 277 958 346 CANTACUZENJ

127 445 193 501 tc.
205 432 361 519 1329oa‘r'1eo
381 432 440 518 γάρ
463 428 546 509 εἶναι
575 410 685 511 αὕτοΐς
705 430 780 511 ἔθος
799 429 874 503 osius
893 436 1034 519 νομάσιν.
1073 437 1143 504 ἕπετ’
1161 440 1199 505 δδ
1218 439 1368 505 δδέδοκτο

274 533 509 622 ἐπιστρατεύειν
527 544 593 612 τοῖς
611 533 787 622 βαρβάροις
807 538 863 602 καί
880 535 924 621 μή
946 539 1082 623 μέλλειν,
1103 535 1161 624 τήν
1180 541 1216 605 ἐκ
1236 542 1367 619 Βυζαν-

272 639 339 703 τίου
360 638 414 700 καί
425 637 663 720 Διδυμοτείχου
677 634 733 701 καὶ
754 630 1049 724 Ἀδριανουπόλεως
1065 642 1122 705 καί
1140 635 1267 727 Θρᾴκης
1287 661 1367 704 συν-

273 736 430 826 αθροίσας
449 733 617 820 στρατιάν,
648 735 702 823 (οὗ
722 734 783 823 γάρ
805 737 878 822 έξήν
897 734 953 822 τήν
973 760 1008 800 τε
1029 738 1064 802 ἐκ
1085 739 1289 812 Μακεδονίας
1308 741 1368 803 κατ’

272 841 329 924 τῆς
349 829 445 921 άλλης
471 831 608 922 ἑσπέρας
633 839 889 916 μετακαλεῖσθαι·
929 835 1096 922 κατήπειγε
1123 836 1184 922 γάρ
1206 832 1223 900 ὅ
1253 832 1386 921 καιρδς5

234 930 237 943 ’
272 939 327 1002 καί
351 931 369 1000 ὅ
396 939 567 1022 Κοντοφρὲ
593 934 689 1000 πάλιν
719 937 754 1001 ἐκ
782 937 994 1020 Μεσοθηνιας
1020 931 1124 1001 έλθών
1150 936 1206 1000 καί
1231 934 1364 1023 φάσκων

249 1038 336 1107 cuis
355 1031 438 1102 εἶναι
457 1034 570 1122 καιρδν
597 1035 767 1101 ἐπιθέσθαι
793 1044 858 1115 τοῖς
885 1034 1075 1123 βαρβάροις,
1104 1033 1149 1113 οἷς
1170 1029 1245 1101 ὅσον
1272 1027 1363 1100 urinae

271 1134 353 1223 πρός
372 1134 432 1213 τάς
452 1138 635 1222 δυσχωρίας
655 1128 900 1219 άποχωρήσονσι
919 1137 974 1222 τῆς
995 1130 1141 1224 ὀρεινῆς)
1170 1133 1229 1221 τήν
1247 1135 1363 1220 ἤθροι-

270 1237 389 1321 σμένην
410 1233 562 1319 στρατιάν
581 1231 686 1316 λαβάν
707 1229 723 1298 ὃ
742 1231 911 1318 βασιλεάς,
932 1232 1115 1321 ἐπεραιώθη
1135 1233 1213 1321 πρὸς
1231 1229 1287 1319 τήν
1306 1234 1360 1316 ἔω,

183 1360 184 1363 ’
269 1335 420 1422 λήγοντος
438 1326 501 1420 ήδη
521 1333 614 1422 ἔαρος
621 1360 631 1418 ¹,
665 1331 742 1401 κατά
764 1331 800 1399 τά
821 1334 1015 1421 Σκουτάριον
1039 1329 1402 1423 προσαγορευόμενονισ

269 1439 340 1502 έπεί
360 1438 395 1501 δὲ
415 1430 551 1519 η’γγέλθη
569 1443 634 1511 τοῖς
653 1430 828 1520 βαρβάροις
848 1429 869 1518 ή
890 1437 946 1498 τοῦ
966 1438 1124 1518 βασιλέως
1144 1432 1268 1520 ἔφοδος,
1289 1428 1361 1498 ὅσοι

266 1536 327 1618 μὲν
347 1527 428 1620 ἦσαν
455 1533 589 1616 νομάδες
618 1532 699 1599 κατά
727 1532 784 1619 τήν
810 1530 970 1598 Βιθυνίαν
1006 1535 1261 1619 διεσκεδασμένοι
1284 1557 1360 1616 σκη-

269 1633 327 1710 νάς
347 1657 382 1699 τε
402 1627 617 1715 άναλαβόντες
637 1633 692 1698 καί
708 1628 894 1716 βοσκήματα
907 1631 963 1707 καί
979 1631 1037 1719 τήν
1051 1624 1149 1716 άλλην
1168 1624 1367 1715 άποσκευήν,

268 1731 324 1798 ἐπί
340 1730 379 1799 τά
399 1730 584 1819 ὑψηλότερα
604 1727 743 1819 άνήλθσν
763 1734 827 1796 τῶν
847 1730 948 1817 δρῶν,
981 1734 1035 1798 καὶ
1061 1729 1254 1819 πορρωτέρω
1282 1724 1305 1815 ή
1325 1731 1360 1808 ἐξ

268 1829 365 1909 ἔθους
381 1824 422 1917 ἦν
440 1832 557 1910 αὐτοῖς.
598 1829 760 1917 Ὀρχάνης
772 1833 808 1896 δὲ
828 1829 847 1895 δ
867 1832 931 1897 τῶν
951 1828 1067 1897 αὐτόθι
1080 1832 1219 1918 Περσῶν
1240 1826 1398 1917 σαπρά-15

266 1956 338 2016 πης,
359 1925 415 2015 ὅση
434 1924 476 2016 ήν
497 1930 582 2019 αὐτῷ
601 1928 679 2016 πεζή
699 1933 754 1995 καί
782 1928 891 2015 ἱππική
914 1931 1049 2013 δύναμις
1069 1929 1258 2014 άναλαβάν,
1289 1931 1360 1997 ἐπεὶ

231 2027 414 2111 Ιλὲπάθετο,
436 2027 492 2095 τὸν
504 2031 638 2112 βασιλέα
659 2026 713 2094 διά
731 2030 940 2115 Μεσοθηνίας
958 2033 1110 2113 μέλλοντα
1130 2032 1224 2113 ίέναι,
1243 2026 1359 2106 πολλάς

167 2137 199 2192 V.
213 2126 403 2215 ιηοέχοάσης
424 2130 604 2216 δυσχωρίας
619 2126 676 2194 καί
690 2123 887 2217 ὀχυρότητας
901 2131 1079 2217 αὐτοφυεῖς,
1101 2130 1141 2194 σά
1158 2133 1197 2220 τῇ
1218 2133 1357 2219 σφετέρρι

266 2226 401 2311 δυνάμει
422 2230 543 2309 μᾶλλον
563 2222 585 2314 ή
605 2233 645 2317 τῇ
665 2232 764 2295 θέσει
779 2222 947 2316 θαρῥήσας
965 2232 1023 2295 τοῦ
1043 2227 1155 2314 τόπου,
1181 2228 1225 2304 εἷς
1243 2232 1355 2293 Μεσο-

261 2329 379 2414 θηνίον
398 2324 510 2410 ἐλθών,
529 2327 666 2413 ὑψηλοῖς
682 2330 816 2415 χωρίοις
828 2331 884 2395 καί
900 2328 1129 2416 δυσπροσόδοις
1145 2328 1394 2412 δησιαθιδρυσευο

261 2424 320 2512 τήν
351 2426 514 2511 στρατιάν.
546 2424 697 2509 βασιλεάς
727 2429 763 2492 δὲ
794 2425 855 2492 uino*
886 2427 1080 2515 Σκουταράιυ
1112 2429 1199 2492 δυειλι
1226 2422 1354 2511 ἡμερῶν

262 2522 338 2590 itis
360 2523 490 2607 άνάσας,
510 2528 552 2613 τῇ
570 2525 659 2616 τρίτη
680 2521 748 2608 άμα
770 2531 823 2617 ἔοι,
844 2525 915 2591 ἐπεὶ
930 2525 1024 2591 πάλιν
1041 2529 1096 2611 τής
1114 2525 1213 2612 αάτής
1232 2522 1353 2607 εἴχοντο

262 2625 348 2708 itui,
366 2623 423 2689 καί
440 2621 618 2713 ἤΠερσική
639 2626 772 2712 στρατιά
792 2623 895 2714 ἐφάνη
912 2618 1041 2691 άπωθεν
1063 2628 1097 2692 ὲν
1114 2627 1246 2712 χωρίοις
1265 2623 1352 2709 άψη-

261 2730 328 2802 tote
348 2725 612 2812 ἔγκαθιδρυμένη.
642 2724 746 2812 ὀλίγον
768 2728 804 2792 δὲ
824 2725 988 2812 προελθιδν
1009 2724 1026 2791 ά
1045 2722 1214 2811 βασιλεάς,
1241 2727 1354 2809 ἐστρα-

260 2825 429 2891 τοπέδευσε
454 2822 509 2891 καί
532 2821 627 2904 αὐτὸς
650 2827 686 2894 ἐν
701 2823 817 2915 ,χωρίῳ
841 2822 1014 2916 Πελεκάνιρ
1042 2827 1389 2914 προσαγορευομὲνιρρς

208 3046 210 3051 -
260 3028 416 3076 consuesse,
432 3028 494 3065 cum
513 3012 569 3063 siut
585 3010 721 3064 nomades.
739 3010 776 3062 Ut
792 3011 882 3063 animo
902 3012 980 3063 stetit
995 3010 1096 3062 infesto
1114 3009 1246 3080 petendos
1265 3009 1350 3080 agrui-

260 3100 312 3146 ne‚
327 3084 472 3150 Byzantio,
499 3080 701 3149 Didymoticho,
723 3080 903 3151 Adrianopoli
921 3089 949 3132 et
967 3098 983 3133 e
1000 3080 1117 3132 Thracia
1134 3082 1234 3133 conctis
1253 3081 1349 3149 copiis,

260 3152 328 3222 (non
353 3156 426 3206 enim
445 3150 633 3205 Macedonicas
662 3150 835 3224 reliquasque
862 3152 977 3204 orientis
1007 3152 1110 3203 licebat
1136 3168 1247 3220 eogere,
1274 3150 1350 3221 qued

259 3230 368 3291 tempus
387 3223 513 3292 urgebat:
544 3233 572 3275 et
590 3222 671 3274 simul
689 3222 859 3292 Contophres
886 3221 1091 3276 eMesothcnia
1109 3237 1250 3285 reversus,
1275 3238 1349 3273 nuuc

260 3307 319 3344 esse
336 3300 472 3345 maturum
490 3293 666 3345 confirmabat
682 3291 814 3345 barbaros
833 3293 961 3364 aggredi,
988 3301 1132 3362 antequam
1158 3291 1194 3343 ad¹
1216 3290 1349 3361 impedita

259 3363 394 3413 montium
411 3363 470 3414 loca
488 3362 654 3425 recederent,
672 3363 746 3433 quod
764 3381 827 3415 mox
841 3364 937 3415 facturi
957 3365 1068 3436 essent)
1085 3365 1115 3413 iu
1132 3364 1280 3426 orientem,
1299 3379 1350 3414 ex-

261 3439 344 3483 eunte
362 3432 415 3482 iam
433 3448 505 3494 vere,
523 3433 666 3501 navigans,
683 3434 719 3485 ad
740 3434 909 3496 Scutariurn,
937 3444 968 3486 ut
982 3436 1143 3503 appellatur,
1161 3449 1242 3485 naves
1261 3449 1349 3501 uppu-

257 3500 300 3553 lit
337 3502 480 3554 Intellecto
498 3501 593 3554 hostili
610 3504 780 3572 imperatoris
801 3501 932 3567 adventu,
965 3511 1104 3577 quotquot
1122 3512 1201 3556 erant
1217 3504 1348 3555 nomades

257 3588 308 3692 per
325 3571 480 3639 Bithyniam
497 3571 610 3641 dispersi
620 3609 630 3635 ‚
649 3589 710 3625 curn
728 3573 909 3625 tabernaculis
929 3581 957 3626 et
974 3590 1073 3642 pecore
1092 3582 1236 3645 ceteraque
1255 3591 1285 3626 su
1307 3573 1348 3624 ei-

270 3642 345 3693 ectili
363 3643 398 3694 ad
416 3641 471 3694 alta
489 3644 637 3704 montium,
667 3652 695 3695 et
710 3643 819 3714 longius
842 3643 954 3715 quidem
972 3662 1054 3715 quam
1079 3661 1129 3713 pro
1148 3591 1347 3697 consueruiins

229 3761 233 3769 ‚
258 3728 306 3764 sua
326 3720 513 3782 properarunt
558 3710 696 3764 Orchanes
714 3714 853 3765 Persarum
871 3715 902 3767 in
919 3713 1047 3781 Bithynia
1066 3722 1173 3783 satraps
1191 3717 1248 3767 sive
1266 3714 1345 3783 priu-

258 3799 331 3850 ceps,
348 3786 491 3854 assumptis
502 3800 570 3853 quos
582 3780 702 3834 habebat
715 3783 887 3851 pedestribus
905 3787 1133 3855 equestribusque
1151 3786 1250 3854 copiis,
1268 3791 1345 3853 post-

257 3870 339 3923 quam
357 3856 466 3907 rescivit
483 3854 673 3924 imperatorem
691 3869 739 3921 per
755 3852 956 3907 Mcsotheniam
971 3866 1133 3918 venturum,
1161 3857 1252 3908 iocum
1269 3854 1343 3905 mul-

255 3923 293 3975 tis
310 3922 513 3978 difficultatibus
532 3933 560 3977 et
577 3924 747 3976 naturalibus
764 3925 939 3978 munimentis
962 3926 1140 3996 impeditum,
1177 3943 1233 3983 non
1258 3926 1343 3994 magis

255 3995 312 4049 suis
331 3995 444 4059 viribus,
465 4014 544 4068 qurum
560 3993 612 4046 hac
628 4011 657 4047 re
675 3995 770 4059 fretas,
790 3996 820 4048 in
839 3995 1037 4051 Merotheniam
1054 3998 1183 4059 veniens,
1203 3996 1233 4048 in
1251 3995 1342 4048 excel-

257 4067 293 4117 sis
312 4074 341 4118 et
358 4081 445 4133 paene
463 4068 606 4120 inaccessis
629 4067 777 4119 exercitum
797 4066 949 4120 collocavit
987 4069 1136 4137 Imperator
1155 4067 1280 4120 Scutario
1296 4064 1341 4116 bi-

255 4134 304 4186 dui
323 4136 422 4189 itinere
441 4138 586 4206 proiectus,
603 4154 663 4188 cum
681 4139 764 4190 tertio
782 4136 827 4190 die
845 4154 923 4190 ruane
937 4147 1070 4207 pergeret,
1089 4139 1182 4190 Persas
1199 4136 1294 4205 procul
1312 4136 1341 4190 in

255 4203 331 4261 edito
350 4206 476 4263 sedentes
493 4207 651 4279 conspexit,
666 4209 834 4283 paulumque
852 4210 923 4263 ultre
940 4224 1112 4281 progressus,
1129 4208 1233 4280 etipse
1251 4207 1281 4261 in
1296 4205 1339 4259 lo·

1479 4300 1480 4329 i
