3000 4742
298 183 353 271 60
694 211 971 281 cllttllcvmit

154 370 184 424 t.
194 368 336 434 αιδτοδὲ
350 368 407 449 ἐμὲ
427 367 506 453 μήτε
522 366 779 455 dirime-inisti
793 370 948 457 χειρισμῷ
960 366 1053 450 δμῶν
1070 369 1267 452 διακεῖσθαι,
1291 367 1373 455 μήθ’

292 465 337 543 ῶς
352 469 408 532 τοῦ
422 464 557 551 μηδενὸς
568 465 677 543 ἀξίους
695 461 784 547 ἀμᾶς
800 462 899 542 οὕτως
914 468 950 531 ἐν
967 470 1025 531 τοῦ
1040 467 1217 554 παραυτίκα
1231 467 1372 533 ἀπωθεῖ-

290 569 380 631 σθαι.
400 566 433 641 ἐξ
451 560 525 629 ὅτου
543 563 603 647 γάρ
621 564 772 650 περὶτῶν
785 562 935 630 τοιούτων
953 563 1098 649 ἠρξάμην
1109 568 1225 649 λέγειν,
1245 568 1368 630 πολλῶν

290 662 348 749 τὴν
362 663 526 729 διάστασιν
542 662 634 743 ὑμῶν
652 665 767 728 ἐννοῶν
785 661 980 744 αἰσθάνομαι
1003 666 1066 727 τῶν
1086 662 1274 747 ἀλγηδόνων
1295 658 1366 729 οέδα

292 765 323 826 δ’
342 764 377 827 ἐν
396 765 440 850 τῷ
456 760 537 842 μετὰ
553 762 726 826 ταῦτακαὶ
743 760 894 827 πλειόνων
915 758 1143 846 αἰσθησόμενος
1158 757 1388 848 ταδ’σφοδροό

265 863 399 950 Ιςτέρων·
420 862 527 946 φέρειν
542 861 577 925 δὲ
592 852 721 943 ἀνάγκη,
740 861 802 924 τῶν
816 859 1007 945 πραγμάτων
1020 848 1208 944 ἀσυμβάτως
1221 862 1367 943 ἐχόντων·

290 960 322 1024 εἰ
334 961 394 1040 μὲν
410 950 484 1040 ου’ν,
501 942 614 1043 ῶσπερ
637 952 738 1039 εἶπον,
769 955 933 1041 ἐθελήσετε
947 960 1010 1023 τῶν
1023 959 1184 1044 προτέρων
1199 959 1366 1045 ἐχομένους

290 1058 462 1140 λογισμῶν,
482 1053 563 1141 ὑπὲρ
578 1057 638 1135 μέν
653 1056 708 1138 τῆς
720 1054 873 1140 ἡμετέροις
884 1059 1040 1141 σωτηρίοις
1056 1054 1241 1142 φροντίσαι,
1266 1058 1366 1141 μηδὲν

246 1216 249 1229 ,
290 1157 326 1221 δέ
338 1151 417 1219 nocui
434 1155 588 1237 βασιλέως
604 1151 841 1235 βουλεύσασθαι
858 1156 920 1219 τῶν
935 1152 1114 1234 ἀπεικότων,
1127 1152 1246 1235 ναὶέμέ
1257 1177 1365 1219 κοινω-

290 1250 345 1319 νδν
362 1255 445 1330 ἕξετε
464 1255 527 1317 τῶν
546 1253 775 1336 πραττομένων
809 1253 840 1316 εἰ
862 1254 891 1316 δ’
909 1248 1024 1337 ἑτέρως
1052 1250 1131 1332 ῶμῖν
1154 1254 1259 1334 δοκεῖ,
1274 1244 1407 1319 οῶδὲνιο

289 1346 365 1416 ἀλλο
389 1347 513 1433 λοιπὸν,
541 1342 563 1429 ἢ
579 1346 678 1414 πολλὰ
692 1351 750 1434 τῆς
766 1351 810 1426 εἰς
825 1351 881 1430 ἐμὲ
899 1350 1006 1437 φιλίοις
1022 1350 1229 1432 ἐπευξάμενον
1246 1348 1362 1434 ἀγαθοὶ,

289 1455 362 1514 καθ’
373 1446 484 1515 ἐαυτὸν
500 1444 524 1513 ἀ
541 1472 598 1530 μοι
614 1449 695 1511 δοκῶ
711 1450 916 1534 συμφέροντα
933 1448 1110 1536 πράττειν.”
1154 1451 1293 1514 Τοιαῦτα
1310 1448 1365 1515 καὶ

225 1580 234 1605 1
287 1551 346 1615 τοῶ
361 1545 515 1629 βασιλέως
538 1546 694 1627 εἰπόντος,
725 1546 782 1612 ἐπὶ
797 1544 876 1611 notri
896 1550 956 1629 μέν
978 1545 1059 1629 πρὸς
1080 1542 1232 1633 ἀλλήλους
1245 1545 1363 1634 inipetu,

286 1642 323 1713 ri
343 1650 396 1732 τῆς
417 1644 541 1730 γνῶμης
561 1643 776 1727 θαυμάζοντες
793 1647 847 1709 ἐπὶ
865 1644 904 1711 cni
924 1643 1005 1710 καλοὶ
1022 1643 1172 1731 βεβηκὸς,
1201 1642 1243 1723 ῶς
1262 1648 1362 1731 μηδέν

258 1747 345 1829 στῆς
360 1741 438 1829 πρὸς
453 1740 509 1808 τὸν
525 1744 657 1823 βασιλέα
671 1744 726 1807 καί
741 1742 868 1808 πάππον
883 1746 994 1819 αἰδοῦς
1011 1740 1151 1830 ἀφεῖναι,
1170 1746 1274 1809 ναέται
1286 1742 1402 1809 πολ-15

285 1850 352 1920 λοῖς
365 1837 464 1907 αὐτὸν
480 1850 546 1915 τοῖς
565 1843 717 1906 λυποῦσιν
734 1840 953 1923 ἀμειβομένου.
993 1837 1056 1908 εἶθ’
1077 1842 1096 1905 δ
1112 1841 1359 1929 πρωτοστράτωρ

286 1940 471 2023 ἀποκριναπο
491 1940 632 2002 τοιαῦτα·
659 1939 775 2023 ,,ἡμῖν,
805 1932 834 2003 τέ
855 1942 995 2021 βασιλεῦ,
1023 1938 1057 2005 τὸ
1082 1943 1245 2027 συμφέρον
1262 1942 1317 2006 σοι’
1327 1963 1361 2006 τε

286 2040 341 2101 κατ’
351 2037 429 2121 ἡμῖν
450 2035 558 2111 αάτοῖς
578 2039 757 2117 σκοποῦσιν,
778 2033 800 2099 ii
818 2042 987 2102 λυσιτελεῖν
1002 2039 1186 2121 ἐδοκοῦμεν,
1206 2039 1361 2125 ἐφθεγξά-

285 2139 381 2217 μεθά.
400 2131 424 2198 ἀ
440 2136 476 2199 δέ
492 2136 565 2219 περὶ
575 2136 728 2215 βασιλέως
742 2131 977 2219 ἐφθεγξάμεθα,
1011 2135 1067 2200 otiu
1088 2132 1166 2201 οιάτό
1185 2141 1280 2201 τοῦτο
1299 2138 1361 2219 μό-

284 2256 338 2299 νον
354 2227 439 2307 ὅπως
455 2230 549 2297 κακόν
563 2255 593 2296 τι
603 2232 702 2295 πάθοι
712 2235 897 2307 σκοποῦντος
914 2235 1179 2316 ἐβουλευσάμεθα,
1199 2235 1268 2299 ἀλλ’
1278 2229 1404 2312 dumque

283 2328 328 2413 μὴ
346 2326 427 2411 μετά
444 2327 479 2395 τὸ
500 2332 644 2416 φανερῶς
661 2330 705 2404 εἰς
722 2324 778 2394 τδν
791 2330 924 2409 πόλεμον
937 2332 1147 2416 καταστῆναι,
1166 2334 1215 2408 εἰς
1231 2331 1360 2397 ἀπολεί-

284 2450 371 2493 ποιτο
393 2423 473 2509 μετά
493 2427 551 2492 σοῦ
570 2427 741 2513 προσδοκία
761 2427 876 2491 δεινοῦ·
896 2431 985 2492 τοῦτο
1003 2425 1063 2512 γάρ
1088 2428 1163 2512 ἡμῖν
1180 2430 1255 2512 περὶ
1271 2427 1360 2494 πλεέ-

284 2534 550 2593 οτου-σκοπεῖται
579 2526 648 2590 ἐπεὶ
675 2525 707 2587 δ’
732 2522 777 2601 ῶς
803 2519 982 2609 ἠκούσαμεν
1004 2530 1129 2612 effecte
1147 2525 1201 2593 τὸν
1223 2527 1358 2611 βασιλέα

356 2666 395 2718 ιε.
415 2664 457 2716 ru
476 2664 532 2721 so.
551 2665 577 2717 e.
594 2681 644 2735 pro
660 2642 864 2737 εφοεγεεμωα
878 2662 1042 2736 ιεωιομιι.

282 2785 374 2837 nietis.
409 2783 450 2836 Ne
469 2801 532 2837 vero
547 2785 731 2850 arbitremini,
756 2784 887 2838 anthane
901 2785 1099 2854 separationem
1113 2782 1182 2838 milri
1193 2801 1249 2837 non
1266 2783 1357 2836 mole·-

282 2863 350 2906 stnm
364 2854 499 2917 occidere,
523 2864 570 2907 aut
586 2870 649 2919 vos,
668 2873 716 2909 ceu
731 2855 853 2908 homines
867 2858 946 2908 nauci
965 2871 1037 2906 ame
1053 2855 1130 2906 reiici
1150 2857 1178 2906 in
1193 2855 1355 2923 praesentis.

280 2926 321 2977 Ex
344 2942 398 2997 quo
425 2926 497 2977 enim
525 2924 597 2977 hunc
622 2941 772 2977 sermonem
794 2943 868 2978 orsus
884 2943 956 2988 sum,
983 2925 1193 2993 excogitatione
1216 2923 1355 2975 distracti-

282 2994 340 3047 onis
358 3004 465 3048 nostrae
484 2993 624 3048 doloribus
641 2995 735 3049 multis
751 2997 902 3048 ‚cumulatus
920 3003 962 3047 est
981 2993 1049 3047 mihi
1067 2995 1188 3057 enimus,
1215 3002 1242 3046 et
1260 3011 1304 3047 me
1324 2996 1355 3046 in

280 3073 417 3134 posterum
431 3065 517 3133 plum,
540 3075 568 3119 et
579 3064 765 3118 vehementius
777 3066 926 3119 doliturum
939 3067 1005 3128 scio,
1023 3063 1207 3134 sedquoniam
1220 3080 1262 3115 res
1273 3064 1356 3116 aliter

281 3134 341 3185 lieri
367 3152 421 3188 non
449 3136 553 3202 potuit,
581 3135 723 3188 ferendum
750 3144 821 3188 erat:
855 3153 916 3205 ergo
938 3136 979 3199 si,
1004 3144 1036 3187 ut
1053 3133 1192 3196 dicebam,
1215 3142 1355 3203 antegres-

282 3204 318 3254 sis
338 3203 546 3273 cogitationibus
562 3207 733 3268 insistentes,
761 3207 840 3259 saluti
859 3214 964 3257 nostrae
983 3205 1152 3274 prospicere,
1182 3211 1210 3255 et
1225 3203 1354 3256 adversus

282 3289 361 3323 avum
377 3273 448 3325 nihil
464 3275 656 3328 inconveniens
666 3276 791 3330 meditari
802 3276 983 3337 institueritis,
1001 3275 1081 3326 rebus
1097 3274 1209 3344 agundis
1226 3274 1354 3326 comitem

281 3359 324 3393 me
340 3343 500 3411 profitebor:
525 3346 567 3394 sin
584 3345 638 3395 sliu
649 3346 726 3397 vobis
740 3363 831 3407 mens,
857 3342 909 3396 hoc
923 3359 1006 3396 unum
1022 3345 1201 3415 relinquitur,
1223 3351 1255 3395 ut
1266 3344 1355 3395 mults

280 3410 353 3463 bona
371 3413 406 3464 ob
427 3420 541 3465 vestram
564 3415 593 3466 in
618 3431 662 3466 me
684 3416 902 3467 benevolentiam
925 3413 1002 3466 vobis
1019 3433 1035 3467 a
1052 3416 1110 3466 Deo
1127 3422 1266 3483 precatus,
1292 3416 1353 3482 ipse

280 3481 348 3533 mihi
363 3481 397 3534 nd
411 3482 556 3535 utilitatem
570 3500 655 3536 menni
665 3502 774 3555 promus
788 3483 889 3536 condus
902 3484 971 3535 fiam.
1008 3485 1056 3539 iiis
1070 3482 1169 3536 cuditis
1185 3485 1225 3536 illi
1242 3482 1289 3535 diu
1306 3485 1353 3535 in·

280 3558 322 3603 ter
339 3569 368 3604 se
385 3552 539 3620 adspicere,
559 3562 587 3605 et
605 3553 731 3607 udmimri
750 3556 888 3625 ingenium
906 3554 1029 3615 invenis,
1047 3554 1114 3606 adeo
1132 3553 1165 3604 ad
1182 3553 1355 3606 honestatem

280 3623 437 3691 grassantis,
467 3630 498 3675 nt
512 3622 549 3674 de
566 3622 672 3693 pudore
697 3633 725 3676 et
743 3625 892 3676 reverentia
911 3641 972 3694 erga
990 3641 1067 3675 avum
1085 3623 1157 3677 nibil
1173 3623 1353 3677 diminueret:

277 3694 401 3812 gnaruris
420 3692 569 3745 illetrirtin
583 3693 668 3746 mults
684 3696 861 3746 remetiretur.
897 3693 969 3746 Dein
987 3703 1164 3763 protostrator
1181 3695 1219 3746 sic
1236 3694 1354 3762 incipit:
1459 3750 1462 3754 ,

306 3779 352 3824 os,
378 3764 535 3830 imperator,
561 3762 594 3815 de
621 3765 675 3814 tuis
696 3773 777 3835 atque
799 3766 898 3817 nostris
919 3762 1065 3816 commodis
1081 3765 1207 3825 solliciti,
1233 3780 1302 3834 quae
1319 3779 1355 3817 eo

280 3831 367 3883 iacere
379 3833 554 3901 putabamus,
573 3830 770 3886 edisseruimus.
808 3835 890 3906 Quod
900 3842 989 3888 antem
1004 3833 1038 3887 de
1050 3851 1099 3887 nvo
1112 3833 1304 3896 consuluimus,
1322 3835 1355 3888 im

280 3918 313 3952 eo
327 3918 382 3953 nou
398 3901 450 3955 boc
467 3919 549 3954 unum
569 3904 762 3987 spectavimus,
786 3912 818 3957 nt
830 3905 902 3956 mulo
915 3906 1087 3957 multaretur:
1110 3921 1203 3959 verum
1216 3911 1247 3956 ut
1262 3920 1298 3956 ne
1314 3902 1351 3955 ed

279 3968 381 4022 bellum
396 3991 410 4023 a
432 3982 517 4027 ertum
527 3981 673 4034 veniretur,
691 3983 793 4046 tuoque
811 3975 895 4044 cupiti
909 3992 984 4027 casus
1005 3975 1105 4045 uliquis
1122 3974 1225 4044 gravior
1242 3972 1352 4044 impen-

279 4040 371 4093 deret:
391 3990 504 4094 idenim
519 4050 569 4113 esp,
588 4044 792 4113 quodomnium
806 4047 917 4097 minime
934 4045 1053 4096 velimus.
1090 4045 1123 4096 lit
1140 4061 1200 4095 cum
1211 4046 1351 4095 »securita-

278 4118 333 4164 tem
351 4109 536 4186 honoremque
553 4114 595 4168 evi
613 4121 675 4168 tune
692 4116 776 4169 succi
793 4115 1027 4186 incolumitatique
1047 4114 1195 4185 praeieris,
1214 4113 1289 4186 quod
1303 4114 1351 4167 in-
