3000 4742
215 350 220 359 .
250 262 336 375 396
647 244 926 353 dturrcuznu

104 444 395 527 acuminatas
412 440 491 506 κατὰ
513 437 548 505 τό
570 439 781 523 ότικρατῆσαν
797 441 832 517 ἐξ
847 438 950 525 ἀρχῆς
963 434 1039 513 ἔθος
1057 435 1113 503 inl
1122 436 1163 525 τῇ
1174 436 1330 521 βασιλέως

221 542 388 628 ετολεοτῇ.
426 544 482 605 καί
496 542 631 623 &sibeno
649 537 704 603 ἐπὶ
717 540 832 604 τοῖσδε·
871 540 1007 622 στέργειν
1022 529 1140 603 ’Ἅνναν
1156 533 1215 621 τὴν
1233 541 1332 618 βασι-

247 638 340 722 λίδα,
370 640 486 725 κυρίαν
506 636 562 705 καί
581 635 798 715 δεσπόζουσαν
820 638 884 701 τάν
903 631 1111 722 πραγμάτων,
1131 637 1185 719 καί
1202 632 1260 719 τὴν
1274 636 1332 699 πί·

248 762 320 804 στιν
342 738 425 824 αάτῇ
441 734 588 824 καθαρὰν
606 738 661 801 καί
684 726 798 801 ἄδολον
815 743 930 823 τηρεῖν
978 737 1149 800 maumam
1170 734 1210 799 dd
1225 734 1332 799 νιάντα

248 839 305 903 καί
324 834 448 926 μεγάλην
470 838 639 921 δομεοτίκῳ
664 832 719 899 καί
746 832 787 899 τά
816 834 1002 917 κελευόμενα
1029 830 1085 898 ἀπ’
1106 833 1205 898 αάτοό
1225 832 1353 917 μηδὲνό

143 948 176 1005 V.
189 936 459 1023 ιηὸἀντιλέγοντας
481 941 593 999 ποιεῖν.
613 928 695 999 edre
714 937 774 1016 μὲν
794 927 853 999 οάν
874 933 1011 1018 ὄγίνοντο
1032 930 1062 998 οἱ
1081 927 1179 1017 όρκοι,
1198 931 1330 996 πόντων

247 1031 426 1118 ἀμυνόντων
453 1036 576 1122 ἐφεξῆς.
624 1031 721 1110 αάτός
745 1035 781 1123 di
804 1030 846 1100 τό
872 1029 1041 1120 πράγματα
1066 1029 1170 1122 διῴκει
1192 1022 1216 1118 ᾖ
1241 1024 1331 1117 αότιξιΙ

246 1128 363 1220 ἄριστα
384 1133 486 1201 ἐδόκει
500 1131 587 1216 ἔχειν
608 1130 664 1198 καί
679 1130 739 1211 τοὶς
760 1130 863 1219 ἀρχάς
882 1133 1031 1218 ἀπέτρεπε
1044 1134 1108 1197 τάν
1123 1127 1259 1215 πόλεων,
1280 1123 1330 1205 οἷς

245 1230 349 1320 ἔκρινε
367 1235 442 1298 δεῖν·
489 1234 553 1299 τάν
573 1233 610 1299 δὲ
634 1233 797 1320 ἀφῃρεῖτο.
846 1227 916 1298 όσοι
941 1233 977 1297 δὲ
1003 1231 1176 1309 Ῥωμαίων
1201 1232 1248 1304 είς
1265 1233 1330 1294 Δι-

247 1333 434 1416 δομότειχον
455 1328 571 1415 ἔτυχον
591 1329 661 1397 τότε
687 1331 860 1417 παρόντες,
891 1329 929 1396 od
950 1332 1005 1417 τῆς
1025 1327 1198 1414 συγκλήτου
1217 1323 1374 1410 μόνον,ιο

246 1427 328 1499 ἀλλά
347 1435 403 1497 καί
418 1432 473 1516 τῆς
487 1433 637 1518 στρατιᾶς
643 1481 654 1513 ,
673 1427 727 1496 τόν
743 1432 843 1514 μεγαν
860 1431 1041 1514 δομέστικον
1059 1427 1230 1515 ἠνάγκαζον
1246 1451 1325 1493 σον-

246 1530 391 1608 ελθόντες
407 1530 448 1596 τά
460 1527 608 1613 βασιλικὰ
625 1529 770 1612 σύμβολα
790 1531 989 1616 περιθέσθαι·
1026 1527 1067 1594 τό
1084 1552 1118 1595 τε
1133 1519 1214 1593 ἀλλα
1233 1527 1324 1609 ἰσχν-

219 1628 407 1716 ῃριζόμενοι
421 1630 541 1696 δίκαιον
562 1624 643 1696 εἶναι
664 1632 720 1695 καί
739 1623 789 1695 ότι
809 1624 892 1694 otro
917 1625 1093 1709 διατόξαιτο
1106 1623 1264 1710 βασιλεὺς.
1306 1622 1326 1689 δ

247 1732 278 1794 δ’
292 1728 422 1795 ἀνόνευό
435 1752 470 1793 τε
488 1726 544 1794 καί
554 1729 677 1795 ἐκέλευε
694 1726 740 1815 μη
759 1734 964 1815 παρενοχλεῖν
976 1727 1020 1805 οός
1039 1725 1178 1793 ἀδόνατα
1191 1720 1329 1805 ἀξιοῦσι.

245 1831 486 1904 Κανσταντῖνος
503 1829 538 1894 δὲ
554 1823 571 1892 ό
588 1825 758 1914 δεσπότης,
788 1824 825 1895 ὃν
842 1830 876 1895 ἓν
893 1828 1010 1914 ἀρχαῖς
1023 1830 1080 1912 τῆς
1101 1823 1243 1912 ἱστορίας
1260 1823 1375 1907 pri-15

245 1933 338 1992 λιστα
356 1928 392 1992 ἐκ
414 1928 643 2014 Θεσσαλονόιης
663 1925 784 2015 ἔφημεν
803 1928 944 2012 ἀχθῆναι
964 1929 1140 2012 δεσμώτην,
1162 1923 1270 2010 σχῆμά
1291 1948 1327 1990 τε
1479 1918 1480 1921 “

244 2025 458 2112 ἠμφιεσμένον
477 2027 627 2110 μοναχιόν
646 2028 702 2092 καί
730 2024 912 2093 Κάλλιστον
931 2024 1170 2108 ἀνομασμένον,
1197 2021 1247 2090 ἔτι
1265 2025 1327 2105 μὲν

245 2128 281 2190 ἐν
300 2126 502 2215 δεσμωτηρίῳ
523 2124 600 2192 κατὰ
618 2123 653 2192 τό
674 2123 904 2209 Διδαμότειχον
931 2126 1129 2213 όφρουρεῖτο.
1168 2123 1327 2199 δείσαντες

245 2225 283 2297 δὲ
304 2220 334 2287 οῖ
360 2223 513 2308 παρόντες
532 2228 594 2291 τῶν
614 2228 826 2310 συγκλητικῶν
846 2225 902 2290 καί
919 2225 975 2309 τῆς
996 2225 1156 2309 στρατιᾶς,
1174 2224 1239 2308 μὴ,
1265 2222 1326 2287 ‘cod

244 2322 400 2405 βασιλέως
427 2321 683 2407 τελευτησαντος,
715 2320 732 2388 ὃ
762 2323 909 2409 δεσπότης
937 2324 996 2387 τοῦ
1015 2320 1230 2409 δεσμωτηρίου
1253 2321 1376 2387 δια-πο

245 2417 342 2505 δρός,
370 2417 481 2486 στόσιν
500 2418 595 2487 πάλιν
614 2432 681 2499 τοῖς
704 2421 880 2505 Ῥωμαίοις
898 2424 1004 2510 ἐγερεῖ
1025 2422 1081 2487 καί
1097 2418 1136 2486 τό
1156 2419 1327 2507 πράγματα

247 2520 431 2605 διαφθερεῖ,
462 2519 598 2604 πόλεμον
617 2522 774 2607 όμφόλιον
797 2520 926 2607 κινήσας
933 2572 943 2605 ,
964 2517 1022 2607 τὴν
1040 2523 1205 2605 paruam
1222 2515 1327 2606 ἑαυτῷ

150 2616 520 2705 Ρωλπεριποιοόμενος,
547 2617 628 2707 πρός
647 2616 702 2685 τόν
719 2622 821 2705 μέγαν
842 2623 1023 2703 δομόστικον
1043 2615 1186 2694 ἐλθόντες
1204 2620 1326 2685 ἐδέοντο

246 2715 348 2807 αὐτόν
366 2712 599 2786 ἀποκτιννύναι
639 2721 731 2787 τοῦτο
757 2717 818 2808 γάρ
843 2719 982 2804 μάλιστα
999 2727 1066 2796 τοῖς
1085 2716 1249 2805 πράγμασι
1269 2723 1328 2782 λο-

245 2861 321 2917 tibus
338 2863 458 2921 reilicet:
478 2864 634 2918 Sedunum
652 2868 852 2938 imperatricem
865 2868 1003 2921 dominam
1021 2881 1053 2918 ae
1071 2881 1161 2918 rerum
1172 2863 1327 2936 principem

245 2949 409 3003 agnoscere,
435 2937 516 3007 eique
542 2935 624 2989 iidem
641 2939 774 3009 integram
797 2957 828 2991 ac
847 2940 978 2992 sinceram
1004 2938 1192 3010 praertitures.
1226 2935 1327 3004 Magne

247 3002 397 3059 domestico
434 3008 464 3060 in
498 3007 625 3060 omnibus
655 3008 775 3062 libenter
807 3008 1048 3078 obtemperaturor.
1098 3007 1143 3059 Sic
1173 3007 1327 3058 inrsmenta

247 3077 488 3146 concipiebantur,
514 3077 703 3151 dabanturque
731 3078 827 3133 ordine
857 3078 891 3131 ab
917 3078 1053 3135 omnibus.
1097 3078 1159 3147 Ipse
1185 3092 1267 3146 porro
1294 3076 1327 3128 iu

245 3146 366 3216 regunda
380 3148 520 3217 republica
535 3149 609 3218 quod
620 3150 753 3218 optimum
765 3149 915 3215 iudicabat,
932 3149 962 3203 id
973 3146 1154 3221 sequebatur:
1172 3154 1202 3199 et
1216 3144 1327 3198 urbium

244 3218 427 3285 praefecturae
456 3217 621 3284 mandabat,
669 3220 748 3273 uibus
773 3220 959 3285 mundandae,
984 3228 1013 3274 et
1039 3217 1195 3281 auferebat,
1261 3215 1326 3267 ibus

245 3285 412 3338 auferendae
439 3288 611 3341 videbantur.
647 3239 792 3361 Quotquot
816 3309 880 3345 vero
904 3293 1082 3344 Romanorum
1102 3298 1168 3342 tune
1192 3288 1227 3340 Di
1247 3302 1326 3354 pmc-

245 3353 317 3408 ticlri
343 3355 494 3425 degebant,
533 3375 590 3409 nou
616 3361 788 3428 optimatium
813 3361 922 3425 modo,
944 3362 1120 3414 verumetiam
1150 3358 1185 3413 de
1210 3355 1326 3413 ducibus

246 3425 405 3488 exercitus,
438 3425 473 3479 ad
498 3426 577 3479 illum
607 3428 767 3483 accedentes
799 3429 930 3484 urebant
953 3431 988 3483 ad
1023 3431 1177 3501 usurpanda
1207 3427 1327 3500 insignia

244 3494 433 3563 imperatoria:
469 3503 639 3562 asserentes,
671 3508 700 3551 et
730 3500 793 3553 aliis
825 3450 859 3555 de
895 3503 981 3556 causis
1006 3500 1036 3554 id
1063 3501 1164 3555 iustum
1197 3515 1272 3561 esse,
1295 3505 1328 3551 et

245 3566 311 3636 qula
340 3566 376 3616 im
398 3574 486 3620 crator
516 3567 554 3617 ita
583 3566 751 3622 decrevisset
789 3570 934 3625 Rennebat
958 3571 1120 3625 domesticus
1142 3568 1326 3639 petebatque,

243 3652 280 3703 pe
299 3649 377 3705 postu
426 3643 466 3690 tea
489 3653 559 3709 quae
583 3638 641 3708 lpse
668 3639 759 3693 lacere
782 3644 941 3714 neutiquam
958 3649 1064 3712 postet,
1090 3641 1242 3696 molestiam
1268 3638 1327 3691 sibi

244 3703 414 3760 exhiberent
462 3707 657 3760 Constantinus
685 3710 815 3778 desputa,
888 3730 932 3765 em
958 3730 1015 3766 nou
1040 3712 1121 3781 longe
1148 3729 1163 3763 a
1186 3709 1324 3780 principio

242 3773 326 3837 buius
345 3778 477 3831 historiae
496 3776 692 3831 Thessalonica
716 3780 746 3832 in
763 3782 894 3847 vinculis,
922 3784 999 3838 cultu
1023 3781 1148 3836 monachi
1177 3779 1325 3833 adductum

244 3854 274 3903 et
298 3846 444 3904 Callistum
472 3847 639 3917 appellatum
664 3848 923 3918 demonstravimus,
956 3854 1045 3908 adhuc
1077 3850 1262 3920 Didymotichi
1291 3850 1325 3902 iu

243 3932 349 3975 earcere
369 3918 543 3977 attinebatur.
580 3919 720 3974 Timentes
744 3922 827 3992 igitur
850 3925 897 3995 qui
915 3923 1028 3981 aderaut
1045 3925 1175 3994 primores
1193 3929 1222 3975 et
1243 3919 1322 3989 prin·

182 4050 187 4055 ¹
244 3988 318 4056 cipes
337 3991 488 4055 exercitus,
506 4007 541 4043 ne
559 3991 722 4062 imperatore
739 3991 884 4058 defuncto,
902 3994 1016 4064 despota
1034 4011 1049 4046 c
1067 3993 1189 4047 custodis
1204 3992 1322 4062 elapsue,

243 4072 340 4117 novam
358 4060 430 4112 inter
448 4062 582 4114 Romanos
610 4061 773 4119 seditionem
792 4065 940 4119 concitaret
955 4065 1085 4135 civilique
1103 4063 1176 4117 bello
1194 4070 1251 4115 sato
1269 4064 1323 4115 im·

242 4129 348 4197 perium
369 4128 422 4181 sibi
440 4131 582 4184 ascisceret
594 4140 622 4185 et
636 4152 690 4185 rem
713 4133 828 4186 ublicam
841 4136 982 4204 perderet,
1000 4151 1124 4205 magnum
1144 4132 1321 4186 domesticum

244 4198 373 4263 adeuntes
389 4210 545 4277 precantur,
564 4205 605 4263 uti
624 4202 764 4265 hommem
781 4222 797 4265 ο
823 4204 913 4267 medio
934 4206 1026 4267 tollat:
1048 4205 1078 4267 id
1095 4204 1168 4267 enim
1184 4202 1319 4261 conmuni
