3000 4742
283 285 381 412 τόν
676 302 955 375 muratam
996 239 1000 249 ·

132 471 193 531 ΑΩ.
207 476 270 542 1327
280 465 473 546 κομιθασθαι
490 459 595 548 χρόνῳ
618 456 714 547 ρἠτρῖ·
733 457 885 539 ,,οόκοῦν”
905 454 923 522 ὃ
941 454 1092 540 βασιλεῦς
1116 452 1178 540 ἔφη
1197 457 1251 536 ,,εί
1269 455 1365 521 τοῦτο

281 564 432 648 δυσχερές
454 563 556 641 δοκεῖ’,
584 556 638 622 καί
659 555 699 621 τό
719 558 817 642 ἡμίση
843 556 1065 630 καταλιπόντες
1087 554 1223 636 τούτων,
1250 557 1294 641 τῷ
1310 578 1365 619 τε-

281 661 384 747 τόρτηι
413 661 512 746 μορίῳ
536 659 594 721 τοῦ
622 651 695 721 ὅλου
718 651 983 742 ἀρκεσθησόμεθα
1010 656 1064 738 τῆς
1085 648 1208 738 εἰρήνης
1226 652 1281 716 καί
1301 656 1359 737 τῆς

278 757 422 841 ὁμονοίας
443 754 569 842 χόριν.”
608 755 637 819 οἱ
659 756 694 820 δὲ
722 749 909 828 ἀκούσαντες
930 751 1083 839 ἐπῄνεσάν
1104 774 1137 815 τε
1163 749 1207 826 ἀς
1230 748 1360 835 κρείττω

278 857 450 941 χρημάτων
468 853 523 920 τόν
538 857 690 938 βασιλέα,
718 851 773 916 καί
790 846 1015 939 ἀναμφιβόλως
1030 848 1169 937 ἔφασκον
1192 843 1378 933 &rodortei-5

279 961 393 1020 σεσθαι
412 951 451 1019 τό
479 956 636 1038 εἰρημένα.
672 950 716 1028 ιός
746 953 783 1016 δέ
810 945 891 1014 είδεν
916 948 970 1013 ἐπί
993 948 1111 1024 τούτοις
1140 950 1362 1029 συνθεμένους,

277 1053 468 1136 βουλόμενος
490 1050 507 1115 ό
524 1048 693 1134 βασιλεῦς,
721 1049 765 1126 ιδς
783 1049 838 1114 καί
856 1051 919 1113 τεόν
939 1051 1018 1113 πᾶσι
1039 1044 1209 1112 δοκούντων
1225 1069 1363 1132 μετριω-

249 1151 383 1220 ordros
402 1149 454 1216 διό
479 1147 514 1216 τό
530 1149 587 1216 τόν
600 1149 735 1231 πόλεμον
750 1151 967 1233 καταλυθῆναι
979 1147 1138 1227 ἐξίσταται
1158 1142 1249 1228 iudo,
1270 1148 1363 1231 ποιῆ-

278 1277 334 1317 σαι
356 1250 501 1338 φανερόν,
521 1252 631 1332 ,,δέον”
651 1247 712 1335 ἔφη
731 1251 808 1330 „aar”
821 1247 909 1329 όμῖν,
934 1244 1014 1313 κατά
1039 1270 1073 1311 τε
1096 1246 1153 1331 τὴν
1173 1245 1248 1311 όδόν
1264 1269 1362 1310 πεπο-

179 1363 210 1416 V.
226 1379 272 1416 roo
285 1350 393 1436 νηκόσι
412 1351 468 1414 καί
488 1345 595 1437 ἀσιτίηι
619 1348 975 1434 προσταλαιπωρήσασιν
989 1341 1062 1432 ὅλην
1079 1343 1136 1432 τήν
1149 1347 1278 1433 ἡμέραν,
1299 1344 1405 1430 χά·ιο

281 1476 332 1537 ριν
351 1447 537 1513 καταθεῖναί
545 1471 627 1511 τινα.
647 1446 760 1511 οόκοῦν
776 1444 832 1510 καί
847 1444 882 1510 τό
897 1450 1045 1532 τέταρτον
1064 1448 1127 1510 τιῦν
1147 1444 1359 1530 ὀφειλομένων

280 1548 448 1633 χρημάτων
480 1545 597 1632 ἀφίημι
625 1544 715 1627 ῦμοῦν
741 1544 857 1631 χάριν,
891 1549 946 1609 καί
976 1545 1067 1610 οῦδὲν
1086 1539 1183 1629 ,πάρά
1205 1540 1361 1625 βασιλέως

281 1646 405 1711 ἀπαιτοῦ
435 1641 517 1729 πλὴν
547 1639 605 1708 ὅσα
627 1642 657 1706 oi
685 1640 725 1708 τά
752 1642 890 1728 δημόσιοι
919 1646 1109 1718 διοικοῦντες
1143 1645 1245 1717 αἰτίας
1271 1637 1361 1715 τιυάς

277 1736 474 1825 πλασάμενοι
491 1743 635 1825 ψευδεῖς,
664 1735 929 1828 ἀποστερήσαντες
945 1745 1100 1826 βασιλέως
1113 1738 1241 1825 ἔχουσιν
1258 1740 1360 1820 αότοί,

281 1845 469 1921 ἀποδείξεως
490 1844 657 1927 γενομένης
676 1843 842 1928 ἐναργοῦς,
861 1843 963 1906 ταῦτα
982 1839 1120 1922 λαβόντα
1144 1843 1301 1922 διανεῖμαι
1322 1839 1403 1925 τῇιό
1433 1833 1442 1851 '

282 1946 415 2030 οτρατιηῖ
434 1944 548 2026 μικρᾶς
564 1941 652 2005 ἕνεκά
668 1964 749 2015 τινος
768 1938 986 2025 παραμυθίοις.
1004 1937 1256 2025 μῆθαυμάσητε
1268 1942 1316 2021 δέ,
1331 1940 1361 2004 εἰ

282 2039 355 2124 περί
367 2042 424 2105 τοῦ
441 2035 486 2122 μη
503 2040 569 2101 δεῖν
587 2037 641 2102 ἐπί
658 2047 730 2114 ταῖς
754 2033 868 2126 ἑτέρων
893 2027 1118 2125 κάκοπραγίαις
1142 2040 1245 2123 ἓτερον
1261 2061 1360 2120 μεγα-

192 2144 436 2224 Ρ.15ολοφυχεῖν
459 2139 515 2212 καί
530 2129 765 2222 φιλοτιμεῖσθαι
785 2135 885 2202 πολλοὶ
906 2134 1058 2223 πρότερον
1073 2133 1185 2217 εἰπών,
1205 2138 1263 2200 νῦν
1278 2129 1361 2200 οῦτω

282 2235 397 2324 ῥᾳδίως
423 2234 466 2299 τά
492 2243 557 2309 τοῖς
584 2233 789 2319 στρατιώταις
818 2235 1008 2323 ὀφειλόμενα
1029 2235 1177 2323 χρήματα
1200 2232 1362 2321 πρόειμαι.

281 2334 339 2398 ἐάν
354 2331 414 2419 γὰρ
435 2334 479 2409 εἷς
492 2331 547 2398 τόν
573 2336 684 2420 ἐφεξῆς
693 2331 809 2420 χρόνον
825 2334 906 2400 κατὰ
928 2333 1004 2410 τοῦς
1019 2330 1131 2419 όρκους
1146 2337 1200 2397 καί
1211 2330 1270 2410 τός
1287 2347 1402 2403 σον-νο

281 2430 382 2518 θήκας
403 2432 425 2518 ἦ
446 2431 613 2517 τεταγμένη
628 2431 813 2520 μισθοφορὰ
830 2439 1007 2521 παρέχηται
1029 2428 1155 2514 αότοῖς,
1176 2430 1216 2497 cd
1237 2428 1361 2519 ἀφειλό-

281 2555 363 2613 μενα
380 2533 435 2597 ἐπί
454 2534 497 2619 τῷ
521 2534 638 2617 προτοῦ
655 2530 738 2597 πόνιι
761 2534 923 2619 φιλοῦντες
943 2534 1017 2614 ἐμοί
1035 2535 1222 2617 χαριοῦνται
1246 2529 1362 2618 χρόνῳ.

284 2622 386 2705 ῦλλως
407 2654 442 2694 τε
463 2627 570 2694 ἔδεισα
590 2629 635 2715 μη
657 2656 704 2707 τις
725 2634 782 2696 καί
802 2630 855 2695 διά
872 2634 972 2696 ταῦτα
986 2633 1113 2715 γένηται
1131 2628 1268 2714 ἀναβολὴ
1282 2627 1361 2714 πρός

282 2726 342 2815 τὴν
361 2727 501 2816 εἰρήνην,
522 2728 578 2793 καί
593 2726 731 2813 δόξωμεν
749 2732 870 2811 μᾶλλον
885 2730 1059 2815 ἐξεπίτηδες
1078 2726 1132 2793 τόν
1152 2727 1287 2812 πόλεμον
1311 2723 1361 2791 αἱ-

285 2882 407 2938 solvere:
423 2882 539 2952 proinde
555 2902 605 2954 pro
618 2883 696 2952 copia
709 2902 782 2936 nunc
798 2886 967 2954 accip'ercnt,
981 2883 1116 2956 reliquum
1132 2882 1166 2934 ad
1187 2880 1259 2933 diem
1278 2898 1359 2951 prae-

283 2953 389 3004 linitam
399 2955 548 3023 accepturi.
584 2954 613 3005 Si
629 2953 681 3005 hoc
698 2954 811 3008 difficile
827 2954 948 3023 putatis,
972 2955 1075 3023 excipit
1093 2956 1254 3023 imperator,
1278 2954 1360 3005 etiarn

284 3021 400 3075 dimidio
425 3026 555 3088 remisso,
581 3032 676 3094 quarta
697 3033 774 3092 parte
798 3027 873 3092 pacit
901 3033 929 3076 et
957 3023 1116 3078 concordiae
1141 3039 1218 3074 causa
1237 3023 1361 3075 contenti

284 3096 392 3145 erimus.
430 3094 491 3164 Quo
508 3093 617 3156 audito,
638 3096 759 3164 epiceopi
779 3111 841 3146 enm
857 3102 889 3145 ut
907 3111 922 3145 a
941 3094 1056 3163 pecunia
1072 3095 1201 3145 invictum
1223 3109 1361 3144 commen·

283 3162 395 3226 darunt,
412 3164 670 3235 spoponderuntquc
679 3202 687 3227 ,
703 3167 769 3217 citra
781 3165 987 3234 controversiam
1005 3172 1109 3233 partem
1126 3163 1224 3215 dictam
1240 3164 1362 3215 solutum

283 3234 328 3290 iri,
346 3234 493 3302 Imperator
509 3241 541 3284 ut
553 3234 582 3284 in
597 3232 649 3285 boc
660 3252 749 3286 secum
769 3235 899 3286 facientes
919 3233 996 3297 vidit,
1010 3235 1112 3286 'rolens
1127 3242 1247 3286 constare
1272 3235 1362 3284 omni·

283 3302 350 3363 bus,
369 3320 397 3354 sc
417 3303 536 3354 libenter
552 3303 620 3358 betti
640 3304 756 3356 tollendi
773 3323 851 3356 causa
873 3302 907 3355 de
925 3306 983 3356 iure
1002 3321 1050 3356 suo
1070 3307 1151 3357 etiam
1173 3304 1271 3366 iniis,
1290 3319 1361 3374 quac

284 3380 375 3424 essent
388 3373 507 3424 omnium
521 3373 691 3434 confessione
705 3374 931 3436 moderatissima,
948 3374 1097 3437 decedere,
1117 3375 1241 3443 Oportet,
1259 3373 1361 3444 inquit·

285 3447 313 3494 et
324 3443 402 3493 vobis
419 3442 453 3493 dc
466 3444 510 3492 via
524 3442 600 3495 sessis
621 3451 649 3495 et
663 3444 746 3495 totius
764 3444 819 3496 diei
844 3442 936 3495 inedia
961 3445 1078 3506 vexatis,
1108 3446 1218 3514 gratiam
1241 3444 1362 3514 aliquam

283 3511 441 3580 rependere.
478 3513 573 3583 ltaque
593 3519 621 3563 et
639 3522 763 3582 quartam
784 3521 887 3582 partem
908 3513 1018 3566 debitae
1043 3516 1174 3583 pecuniae
1196 3515 1226 3565 in
1247 3515 1362 3584 gratiam

283 3590 397 3634 vestram
418 3583 541 3633 remitto:
557 3589 585 3633 et
603 3580 637 3632 ab
659 3598 708 3635 avo
732 3584 803 3634 nihil
822 3585 865 3636 exi
884 3601 914 3646 o,
932 3585 986 3636 nisi
1008 3585 1081 3654 qnod
1103 3594 1277 3655 quaestores,
1295 3600 1363 3634 con-

284 3653 353 3704 fictis
374 3651 537 3723 quibusdam
551 3653 637 3703 causis
652 3653 815 3722 imperatore
831 3602 999 3716 dedraudato,
1018 3654 1071 3706 sibi
1089 3653 1216 3717 retirlcnt,
1236 3654 1264 3706 id
1281 3653 1356 3724 quod

282 3721 393 3792 probari
410 3723 552 3791 perspicue
571 3730 679 3791 potest,
698 3733 729 3775 ut
742 3722 813 3778 hauc
826 3741 956 3776 summam
979 3724 1014 3777 ad
1027 3725 1216 3808 qualecunque
1235 3725 1361 3776 solatium

282 3794 312 3843 in
332 3793 447 3844 militem
474 3791 640 3858 dispertiam.
677 3793 717 3845 Nc
739 3802 830 3846 tamen
849 3812 895 3847 ros
918 3794 1065 3848 admiratio
1083 3797 1186 3865 capiat,
1215 3793 1361 3864 quomodo,

281 3877 341 3913 cum
355 3870 418 3915 ante
431 3862 600 3924 affirmarim,
618 3880 673 3914 non
692 3874 817 3933 opertere
827 3866 855 3916 in
869 3866 965 3917 alicnis
979 3865 1094 3916 miscriis
1111 3865 1362 3935 magnanimitatem

282 3941 433 3994 ostentare,
452 3949 525 3984 nunc
537 3932 604 3983 adeo
617 3950 673 3985 non
689 3945 870 4006 repugnanter
881 3937 975 3988 debita
988 3936 1122 3987 militibus
1140 3934 1278 4005 stipendia
1293 3952 1360 3987 con·

281 4001 389 4056 donem.
425 4003 455 4053 Si
479 4019 596 4074 namque
618 4003 652 4055 de
674 4004 763 4058 cetciu
785 4024 818 4060 ex
840 4005 951 4059 foedere
973 4006 1120 4059 constituta
1138 4003 1277 4075 stipendia
1296 4021 1360 4075 per-

281 4074 434 4134 solventur,
462 4089 531 4144 quac
547 4089 579 4124 ex
598 4082 751 4145 antegressa
775 4085 897 4145 tempore
927 4078 982 4128 illis
1002 4076 1154 4137 debentur,
1187 4077 1243 4145 p'ro'
1259 4076 1360 4128 eximio

280 4160 385 4205 amore,
401 4158 456 4213 quo
471 4158 514 4195 mc
529 4141 658 4211 diligunt,
674 4145 743 4198 mihi
761 4148 912 4200 remittent.
956 4147 1097 4208 Praeterea
1116 4147 1217 4209 timeo,
1241 4163 1276 4199 nc
1295 4162 1359 4216 pro-

279 4223 342 4285 ptcr
358 4213 426 4268 hacc
439 4229 492 4285 pax
507 4212 647 4270 differatur
665 4215 856 4289 videamurquc
870 4216 994 4272 consulto
1012 4217 1116 4271 bellum
1132 4216 1247 4272 trabere.
1267 4217 1359 4286 Quare
