3000 4742
230 295 235 298 Δ
262 216 342 327 196
649 233 927 302 CANTACOEEM

111 399 246 470 actast
254 392 414 478 πρωτείων
427 388 669 456 ἀντιποιεῖσθαι·
686 387 757 450 ἐπεί
779 387 825 467 δέ,
841 384 1032 468 βουλομένου
1042 384 1129 466 θεοῦ,
1149 384 1205 451 καί
1215 387 1327 469 ’μείζο-

252 512 304 564 νος
321 487 410 573 δόξης
430 489 484 552 καί
499 486 601 571 ἀρχῆς
618 480 784 565 ἐπελάβετο
806 482 826 568 ἦ
843 480 987 568 άδελφη,
1007 483 1077 545 δέον
1092 478 1173 547 εἶναι
1188 484 1244 550 καί
1265 486 1328 550 αδ-

181 613 185 624 ·
254 586 308 654 τὸν
328 588 468 670 στέργειν
493 582 534 647 τά
551 583 752 669 ἐψηφισμένα
778 579 864 668 παρά
888 583 975 661 θεοῦ,
1001 582 1056 644 καί
1075 580 1187 666 κυρίοιν
1210 578 1328 649 ἑαυτοῦ

225 682 470 771 ετηνβασιλίδα
493 680 664 762 Ῥωμαίων
677 681 832 763 ἡγεῖσθαι,
853 678 908 743 καί
920 677 980 764 γάρ
1000 678 1039 742 οδ
1054 680 1209 766 βάρβαροι
1217 683 1327 766 μόνον,

255 778 336 849 άλλά
355 778 411 846 καί
421 780 541 849 Ἰταλοί
552 776 607 844 καί
626 775 693 844 ὅσοι
708 771 797 842 ἄλλοι
810 770 950 863 ἄρχουσί
957 800 1061 859 τινων,
1081 776 1139 862 τὴν
1152 780 1349 861 Ῥωμαίωνό

252 881 415 965 βασιλειαν
430 877 485 944 καί
497 874 619 943 ἑαυτῶν
634 879 690 942 καί
708 879 771 941 τῶν
789 868 893 941 ἄλλων
906 876 1034 951 ἕκαστος
1057 878 1112 941 καί
1126 877 1254 959 μείζονα
1270 881 1327 945 καί

253 969 518 1064 περιφανεστέραν
536 974 666 1041 οἴονται.

109 1087 253 1145 A.c.1325
333 1076 390 1157 μά.
431 1076 526 1139 Karai
545 1075 580 1138 δὲ
600 1071 675 1150 τούς
695 1072 813 1154 αδτοδς
835 1071 982 1161 καιροὺς,
1008 1075 1137 1162 δευτέρᾳ
1156 1072 1324 1155 ἱσταμένου

253 1173 469 1260 Φεβρουαρίου
492 1177 548 1258 τῆς
567 1167 666 1256 uritis
684 1170 792 1258 ὀγδόης
817 1175 1017 1253 ίνδικτιῶνος,
1040 1166 1057 1238 δ
1079 1173 1147 1246 νέος
1174 1167 1325 1253 βασιλευς

250 1270 338 1356 παρά
360 1273 415 1336 τοῦ
439 1273 566 1337 πάππου
590 1274 645 1336 καί
664 1270 819 1354 βασιλέως
842 1275 877 1337 έν
898 1275 943 1359 τῷ
958 1275 1013 1357 τῆς
1028 1273 1084 1336 τοῦ
1105 1269 1184 1335 θεοῦ
1202 1269 1367 1356 Σοφίαςιο

220 1370 391 1456 Βέστέφθη
406 1372 480 1456 ναῷ,
497 1369 627 1434 Ἡσαΐου
642 1373 919 1456 πατριαρχσῦντος.
939 1369 961 1456 ἦ
979 1369 1110 1453 τοιαύτη
1125 1369 1161 1432 δὲ
1176 1366 1323 1452 βασιλικὴ

251 1465 358 1550 eriere)
372 1470 485 1558 1τοῦτον
505 1465 624 1551 γίνεται
643 1465 698 1532 τὸν
718 1465 843 1554 τρόπον.
869 1471 925 1553 τῆς
943 1467 1136 1552 προθεσμίας
1161 1464 1322 1563 ἐνστάσης,

175 1570 328 1652 ipsura-P
342 1562 381 1648 ἢν
395 1558 455 1650 ἤδη
472 1569 619 1629 τέτακται
634 1567 679 1654 τῷ
693 1565 770 1654 θείην
788 1563 879 1654 μύρῳ
897 1567 1001 1651 χρίειν
1017 1562 1070 1631 τὸν
1084 1565 1227 1647 βασιλέα,
1247 1562 1323 1641 τοὺς

251 1666 286 1730 έν
306 1662 462 1745 ἀξιώμασι
477 1663 593 1741 πάντας
611 1667 666 1730 καί
682 1662 756 1740 τούς
780 1668 814 1730 έν
834 1667 915 1730 τέλει
938 1662 994 1729 καί
1012 1662 1068 1749 τὴν
1083 1661 1250 1750 στρατιάν,
1283 1659 1321 1730 οὗ

248 1759 313 1846 μην
332 1758 411 1826 ἄλλά
429 1759 555 1829 καὶτὸν
575 1766 637 1828 τοῖν
658 1760 750 1849 ἱερῶν
766 1766 821 1848 τῆς
837 1761 998 1847 ἐκκλησίας
1020 1765 1076 1846 τῆς
1095 1764 1167 1840 νέας
1190 1761 1365 1846 ταντησίιό

245 1856 374 1945 Ῥοίμης
390 1860 503 1925 οἰάκων
520 1862 761 1944 ἐπειλημμένον,
782 1860 827 1927 ἔτι
844 1864 880 1926 δὲ
904 1860 959 1926 καί
972 1860 1130 1945 πανδημεί
1146 1858 1205 1942 τὴν
1227 1857 1319 1924 πόλιν

248 1967 314 2034 τοῖς
330 1958 498 2041 βασιλείοις
513 1953 580 2038 ἅμα
595 1960 635 2046 ἔην
652 1958 772 2035 πάντας
788 1967 932 2044 παρεῖναι
951 1959 1007 2024 δεῖ.
1028 1956 1102 2043 περί
1119 1959 1154 2022 δὲ
1169 1959 1320 2041 δευτέραν

218 2091 223 2100 ·
247 2052 334 2141 δέραν
350 2052 487 2137 μάλιστα
507 2057 560 2140 τῆς
576 2050 675 2139 αάτῆς
690 2056 820 2141 ἡμέρας,
836 2059 894 2121 τοῦ
904 2057 1066 2137 μέλλοντος
1084 2055 1320 2139 χρισδησεσθαι
1391 2103 1395 2108 .

246 2155 402 2236 βασιλέως
416 2156 469 2218 ε’πί
482 2146 613 2228 ἇσπίδσς
632 2156 847 2236 καθεσθέντος,
869 2150 886 2219 o‘
907 2151 1057 2237 βασιλευς
1070 2155 1125 2220 καί
1136 2151 1237 2239 πατὴρ
1260 2156 1319 2219 τοῦ

140 2280 142 2284 ’
246 2252 526 2336 άναγορευομένου,
546 2249 609 2336 εἴγε
625 2254 772 2336 περίεστι,
791 2252 877 2318 sati
899 2251 1097 2337 πατριάρχης
1118 2256 1181 2316 τῶν
1196 2241 1362 2338 έμπρο-το

245 2349 346 2416 aaron
357 2352 462 2434 μερῶν
482 2351 764 2432 ἐπιλαμβανόμενοι
784 2352 839 2433 τῆς
861 2349 1003 2433 άσπίδος,
1025 2353 1087 2414 τῶν
1100 2352 1135 2413 δ’
1150 2351 1318 2414 ἕπιλοάιοον
1422 2365 1428 2377 ·

247 2445 278 2512 oi
298 2449 332 2512 έν
356 2444 530 2530 άξιοέμασιν
547 2448 748 2533 ὑπερέχοντες
774 2447 923 2514 δεσπόται
945 2473 980 2514 τε
999 2446 1055 2513 καί
1069 2448 1318 2533 σεβαστοκράτο-

135 2565 164 2625 Ρ,
186 2561 321 2631 moer,
341 2541 426 2630 εἴπερ
442 2548 521 2609 εἰσίν
527 2596 537 2626 ,
557 2539 578 2630 ἢ
603 2543 633 2610 oi
648 2549 892 2633 ἐπιφανέστατοι
914 2545 1050 2628 μάλιστα
1066 2548 1129 2610 τῶν
1153 2550 1318 2630 συγκλητι-

247 2647 328 2727 κοῖν,
349 2643 405 2709 καί
419 2642 661 2730 μετεωρίσαντες
677 2641 720 2721 ὥς
739 2641 785 2711 ἔνι
802 2643 940 2726 μάλιστα
956 2640 1048 2712 αὐτὸν
1061 2640 1128 2726 ἅμα
1147 2647 1186 2729 τῇ
1197 2644 1317 2727 άσπιδι,

319 2798 343 2852 8·
364 2796 464 2849 'sotum
490 2794 543 2847 hoc
567 2803 647 2864 caput
677 2792 712 2848 de
737 2796 921 2849 coronationis
941 2798 995 2849 ritu
1014 2793 1176 2848 adverbum
1200 2796 1258 2847 fera
1284 2794 1317 2848 in

315 2866 416 2918 librum
442 2883 519 2920 suum
542 2865 576 2918 de
601 2865 696 2919 officiis
726 2866 866 2919 transtulit
890 2866 1020 2936 Georgius
1043 2864 1170 2917 Codiuus.
1195 2866 1257 2919 ΕΒ.
1283 2865 1313 2918 Ρ.

315 2954 342 3006 9.
361 2938 448 2991 Antea
460 2933 639 3008 Φεβρουάρου
647 2974 657 3001 ,
671 2934 746 3006 quod
758 2936 814 2994 ΕΙ).
823 2937 850 2990 Ρ.
866 2953 901 2988 ex
917 2938 988 2989 Italo
1006 2935 1115 2990 fluxisse
1131 2941 1217 3004 putat.

126 3092 132 3108 ·
243 3089 300 3126 mas
324 3071 479 3137 vindicare,
507 3071 572 3143 quia
595 3078 687 3124 tamen
710 3088 785 3124 soror
811 3072 864 3124 Dei
882 3078 950 3124 nutu
970 3078 998 3122 et
1022 3069 1149 3122 decusat
1168 3053 1312 3139 imperium

242 3143 328 3194 maius
346 3141 443 3211 adepta
458 3145 503 3204 sit,
521 3144 550 3193 in
569 3140 659 3201 divina
669 3142 809 3193 voluntate
823 3138 1066 3212 conquiescendum
1078 3142 1312 3209 Romanorumque

138 3251 142 3257 .
244 3210 440 3329 imperatricem
465 3211 601 3273 dominam
618 3227 692 3263 suam
715 3210 871 3263 ducendam.
901 3212 970 3262 Sanc
988 3227 1043 3261 non
1060 3209 1169 3261 barbari
1187 3218 1311 3271 tantum,

243 3296 273 3331 se
319 3280 382 3330 Itali
401 3296 510 3350 quoque
525 3269 558 3331 'et
573 3280 636 3341 alii,
658 3280 759 3350 quibus
784 3282 981 3350 imperiatum,
1006 3281 1184 3331 Romanorum
1200 3295 1312 3348 regnum

244 3356 273 3401 et
289 3350 351 3399 suis
369 3356 397 3400 et
415 3350 528 3400 aliorum
547 3350 668 3418 imperiis
689 3353 774 3402 maius
792 3349 923 3420 longeque
942 3349 1039 3402 clarius
1058 3350 1218 3401 existimant

312 3418 353 3484 4¹·
390 3418 439 3470 Per
455 3417 527 3469 idem
547 3426 666 3487 tempus,
691 3419 783 3471 eadem
800 3419 950 3472 indictione
978 3427 1084 3481 octava,
1108 3426 1203 3488 quarto
1221 3416 1312 3469 Nonas

243 3485 418 3550 Februarias,
441 3504 524 3556 nepos
547 3487 690 3556 imperator
712 3489 746 3539 ab
773 3502 821 3538 avo
846 3489 876 3540 ia
896 3488 963 3540 aede
980 3486 1112 3558 Sophiae,
1129 3489 1207 3538 Esaia
1225 3486 1312 3556 patri·

242 3554 381 3608 archatum
398 3558 550 3618 obtinente,
569 3566 708 3610 coronatus
726 3566 781 3610 est:
799 3574 869 3627 quae
896 3555 1005 3626 quidem
1030 3559 1200 3627 irnperatoria
1218 3556 1312 3606 initia·

242 3627 284 3678 tio
302 3625 351 3676 tali
370 3624 450 3677 modo
474 3627 618 3695 peragitur.
662 3628 782 3678 instante
807 3624 852 3677 die
876 3628 1031 3695 praefinita,
1056 3643 1110 3697 qua
1132 3626 1311 3678 constitutum

243 3702 285 3746 est
304 3702 407 3747 sacrato
430 3703 567 3764 unguento
586 3698 773 3763 imperatorem
790 3697 935 3764 inungere,
962 3713 1072 3760 omnca,
1110 3697 1139 3747 ui
1156 3697 1246 3766 aliqua
1264 3693 1310 3746 di-

241 3765 345 3833 gnitate
362 3764 518 3834 iunguntur,
536 3773 564 3815 et
580 3780 703 3832 proceres
722 3772 750 3815 et
766 3765 877 3828 milites,
915 3769 963 3817 uiu
982 3767 1062 3818 etiam
1080 3714 1114 3818 είλ
1131 3783 1204 3818 sacra
1222 3764 1312 3816 ecclc·

194 3850 202 3866 ·
241 3835 297 3885 siae
320 3832 400 3885 huius
428 3850 514 3885 norae
537 3835 635 3885 Romae
675 3834 838 3886 ubcrnacula
863 3784 1016 3898 scientem,
1038 3837 1171 3907 populum
1197 3836 1311 3903 insuper

239 3904 395 3956 uuiversum
418 3902 523 3956 oriente
546 3903 606 3964 luce
639 3852 674 3956 τά
690 3905 820 3973 palatium
839 3906 982 3958 convenire
1005 3914 1119 3974 oportet.
1174 3905 1230 3957 Sub
1256 3902 1310 3956 ho-

239 3988 296 4024 ram
312 3971 368 4024 diei
380 3974 495 4026 maxime
512 3971 667 4037 secundam,
685 3975 846 4042 imperatore
861 3973 1017 4045 inungendo
1035 3991 1115 4045 super
1130 3982 1235 4026 scutum
1249 3973 1311 4025 els-

239 4050 323 4106 rato,
341 4043 486 4111 imperator
502 4059 600 4111 parcns
618 4044 769 4096 renuntiati
787 4045 970 4115 imperatoris,
987 4044 1011 4095 si
1028 4051 1159 4114 superest,
1177 4051 1206 4095 et
1216 4044 1310 4114 patri-

210 4115 214 4124 '
239 4108 321 4175 archa
331 4112 468 4169 marion
487 4114 558 4167 susti
572 4112 817 4186 apprehendentes,
832 4113 918 4169 latera
933 4121 1025 4168 antem
1040 4122 1070 4168 et
1084 4113 1236 4185 posteriora
1248 4112 1311 4186 ‚qui
