<?xml version="1.0" encoding="UTF-8"?>
<!DOCTYPE html PUBLIC "-//W3C//DTD XHTML 1.0 Transitional//EN"
    "http://www.w3.org/TR/xhtml1/DTD/xhtml1-transitional.dtd">
<html xmlns="http://www.w3.org/1999/xhtml" xml:lang="en" lang="en">
 <head>
  <title>
</title>
<meta http-equiv="Content-Type" content="text/html;charset=utf-8" />
  <meta name='ocr-system' content='tesseract 3.04.00' />
  <meta name='ocr-capabilities' content='ocr_page ocr_carea ocr_par ocr_line ocrx_word'/>
</head>
<body>
  <div class='ocr_page' id='page_1' title='image "./ioanniscantacuz01joangoog_0439.png"; bbox 0 0 3000 4742; ppageno 0'>
   <div class='ocr_carea' id='block_1_1' title="bbox 481 233 1231 337">
    <p class='ocr_par' dir='ltr' id='par_1_1' title="bbox 481 222 1231 337">
     <span class='ocr_line' id='line_1_1' title="bbox 481 233 1231 337; baseline -0.009 -7"><span class='ocrx_word' id='word_1_1' title='bbox 481 265 767 335; x_wconf 73' lang='lat' dir='ltr'>nisaotmaoal</span> <span class='ocrx_word' id='word_1_2' title='bbox 794 266 836 331; x_wconf 86' lang='grc' dir='ltr'>ιι</span> <span class='ocrx_word' id='word_1_3' title='bbox 857 271 910 337; x_wconf 79' lang='grc' dir='ltr'>ιι.</span> <span class='ocrx_word' id='word_1_4' title='bbox 1146 233 1231 324; x_wconf 82' lang='grc'>383</span> 
     </span>
    </p>
   </div>
   <div class='ocr_carea' id='block_1_2' title="bbox 115 411 1381 2783">
    <p class='ocr_par' dir='ltr' id='par_1_2' title="bbox 152 411 1381 508">
     <span class='ocr_line' id='line_1_2' title="bbox 152 411 1381 508; baseline -0.006 -21"><span class='ocrx_word' id='word_1_5' title='bbox 152 424 260 508; x_wconf 65' lang='grc' dir='ltr'><strong><em>νήσου,</em></strong></span> <span class='ocrx_word' id='word_1_6' title='bbox 282 411 393 502; x_wconf 68' lang='lat' dir='ltr'>otras,</span> <span class='ocrx_word' id='word_1_7' title='bbox 412 413 486 505; x_wconf 71' lang='grc' dir='ltr'><strong><em>ἔφη,</em></strong></span> <span class='ocrx_word' id='word_1_8' title='bbox 505 419 703 504; x_wconf 80' lang='grc' dir='ltr'><strong><em>θαυμαστόν,</em></strong></span> <span class='ocrx_word' id='word_1_9' title='bbox 723 415 913 508; x_wconf 65' lang='grc' dir='ltr'><strong><em>όβασιλεός,</em></strong></span> <span class='ocrx_word' id='word_1_10' title='bbox 932 411 965 485; x_wconf 78' lang='grc' dir='ltr'>εἴ</span> <span class='ocrx_word' id='word_1_11' title='bbox 972 440 1037 485; x_wconf 86' lang='grc' dir='ltr'><strong><em>τινι</em></strong></span> <span class='ocrx_word' id='word_1_12' title='bbox 1063 415 1301 505; x_wconf 63' lang='lat' dir='ltr'>respirari-M</span> <span class='ocrx_word' id='word_1_13' title='bbox 1314 426 1381 496; x_wconf 68' lang='lat' dir='ltr'>siaa</span> 
     </span>
    </p>

    <p class='ocr_par' dir='ltr' id='par_1_3' title="bbox 152 513 1235 607">
     <span class='ocr_line' id='line_1_3' title="bbox 152 513 1235 607; baseline -0.004 -22"><span class='ocrx_word' id='word_1_14' title='bbox 152 521 271 606; x_wconf 85' lang='grc' dir='ltr'><strong><em>γματός</em></strong></span> <span class='ocrx_word' id='word_1_15' title='bbox 295 542 378 595; x_wconf 87' lang='grc' dir='ltr'><strong><em>τινος</em></strong></span> <span class='ocrx_word' id='word_1_16' title='bbox 408 520 625 607; x_wconf 69' lang='grc' dir='ltr'>βουλευομένῳ</span> <span class='ocrx_word' id='word_1_17' title='bbox 655 522 712 586; x_wconf 82' lang='grc' dir='ltr'>νόν</span> <span class='ocrx_word' id='word_1_18' title='bbox 740 522 801 600; x_wconf 77' lang='grc' dir='ltr'>μὲν</span> <span class='ocrx_word' id='word_1_19' title='bbox 824 513 932 583; x_wconf 85' lang='grc' dir='ltr'><strong><em>τοιόδε</em></strong></span> <span class='ocrx_word' id='word_1_20' title='bbox 957 514 1026 583; x_wconf 87' lang='grc' dir='ltr'><strong><em>τινό</em></strong></span> <span class='ocrx_word' id='word_1_21' title='bbox 1053 515 1235 602; x_wconf 71' lang='grc' dir='ltr'><strong><em>ληίζεσθαι</em></strong></span> 
     </span>
    </p>

    <p class='ocr_par' dir='ltr' id='par_1_4' title="bbox 151 608 1326 705">
     <span class='ocr_line' id='line_1_4' title="bbox 151 608 1326 705; baseline 0.001 -21"><span class='ocrx_word' id='word_1_22' title='bbox 151 616 348 705; x_wconf 75' lang='grc' dir='ltr'><strong><em>παρασταίη,</em></strong></span> <span class='ocrx_word' id='word_1_23' title='bbox 377 614 489 702; x_wconf 81' lang='grc' dir='ltr'><strong><em>μικρὸν</em></strong></span> <span class='ocrx_word' id='word_1_24' title='bbox 517 618 553 684; x_wconf 78' lang='grc' dir='ltr'>δὲ</span> <span class='ocrx_word' id='word_1_25' title='bbox 578 614 713 705; x_wconf 73' lang='grc' dir='ltr'><strong><em>ὕστερον</em></strong></span> <span class='ocrx_word' id='word_1_26' title='bbox 740 617 891 684; x_wconf 81' lang='grc' dir='ltr'><strong><em>τόναντία</em></strong></span> <span class='ocrx_word' id='word_1_27' title='bbox 920 609 1077 701; x_wconf 76' lang='grc' dir='ltr'><strong><em>ἢβελτίοι</em></strong></span> <span class='ocrx_word' id='word_1_28' title='bbox 1097 608 1236 704; x_wconf 78' lang='grc' dir='ltr'><strong><em>ἢχείρια</em></strong></span> <span class='ocrx_word' id='word_1_29' title='bbox 1322 644 1326 649; x_wconf 86' lang='grc'><em>·</em></span> 
     </span>
    </p>

    <p class='ocr_par' dir='ltr' id='par_1_5' title="bbox 151 709 1239 806">
     <span class='ocr_line' id='line_1_5' title="bbox 151 709 1239 806; baseline 0 -23"><span class='ocrx_word' id='word_1_30' title='bbox 151 718 348 806; x_wconf 73' lang='grc' dir='ltr'><strong><em>σκεπτομένῳ</em></strong></span> <span class='ocrx_word' id='word_1_31' title='bbox 369 714 513 802; x_wconf 87' lang='grc' dir='ltr'><strong><em>φαίνοιτο</em></strong></span> <span class='ocrx_word' id='word_1_32' title='bbox 534 719 570 782; x_wconf 74' lang='grc' dir='ltr'>ἐκ</span> <span class='ocrx_word' id='word_1_33' title='bbox 588 720 652 783; x_wconf 78' lang='lat' dir='ltr'>reis</span> <span class='ocrx_word' id='word_1_34' title='bbox 670 714 875 805; x_wconf 78' lang='grc' dir='ltr'><strong><em>πραγμάτων.</em></strong></span> <span class='ocrx_word' id='word_1_35' title='bbox 918 715 1026 801; x_wconf 89' lang='grc' dir='ltr'><strong><em>διόπερ</em></strong></span> <span class='ocrx_word' id='word_1_36' title='bbox 1047 709 1118 779; x_wconf 83' lang='grc' dir='ltr'><strong><em>οόδ’</em></strong></span> <span class='ocrx_word' id='word_1_37' title='bbox 1138 713 1239 784; x_wconf 87' lang='grc' dir='ltr'><strong><em>αότόν</em></strong></span> 
     </span>
    </p>

    <p class='ocr_par' dir='ltr' id='par_1_6' title="bbox 132 808 1240 903">
     <span class='ocr_line' id='line_1_6' title="bbox 132 808 1240 903; baseline -0.002 -21"><span class='ocrx_word' id='word_1_38' title='bbox 132 813 276 882; x_wconf 65' lang='lat' dir='ltr'>torturas</span> <span class='ocrx_word' id='word_1_39' title='bbox 295 817 352 881; x_wconf 79' lang='grc' dir='ltr'>νόν</span> <span class='ocrx_word' id='word_1_40' title='bbox 371 815 495 901; x_wconf 75' lang='grc' dir='ltr'><strong><em>πρῶτον</em></strong></span> <span class='ocrx_word' id='word_1_41' title='bbox 515 817 577 881; x_wconf 73' lang='grc' dir='ltr'><strong><em>τοῖν</em></strong></span> <span class='ocrx_word' id='word_1_42' title='bbox 595 813 672 901; x_wconf 86' lang='grc' dir='ltr'><strong><em>πρός</em></strong></span> <span class='ocrx_word' id='word_1_43' title='bbox 691 816 792 883; x_wconf 90' lang='grc' dir='ltr'><strong><em>αότόν</em></strong></span> <span class='ocrx_word' id='word_1_44' title='bbox 811 812 964 901; x_wconf 75' lang='grc' dir='ltr'>ἀκηκοότα</span> <span class='ocrx_word' id='word_1_45' title='bbox 985 815 1109 899; x_wconf 90' lang='grc' dir='ltr'><strong><em>λόγιον,</em></strong></span> <span class='ocrx_word' id='word_1_46' title='bbox 1129 808 1240 903; x_wconf 71' lang='lat' dir='ltr'>diceps-</span> 
     </span>
    </p>

    <p class='ocr_par' dir='ltr' id='par_1_7' title="bbox 152 907 1242 999">
     <span class='ocr_line' id='line_1_7' title="bbox 152 907 1242 999; baseline -0.001 -19"><span class='ocrx_word' id='word_1_47' title='bbox 152 915 296 990; x_wconf 79' lang='grc' dir='ltr'><strong><em>σκόπτας</em></strong></span> <span class='ocrx_word' id='word_1_48' title='bbox 325 907 426 990; x_wconf 83' lang='grc' dir='ltr'><strong><em>οότους</em></strong></span> <span class='ocrx_word' id='word_1_49' title='bbox 454 912 681 999; x_wconf 74' lang='grc' dir='ltr'><strong><em>ἀπαγορεύειν,</em></strong></span> <span class='ocrx_word' id='word_1_50' title='bbox 714 911 796 979; x_wconf 78' lang='grc' dir='ltr'><strong><em>ἄλλό</em></strong></span> <span class='ocrx_word' id='word_1_51' title='bbox 827 912 900 980; x_wconf 80' lang='grc' dir='ltr'><strong><em>δέον</em></strong></span> <span class='ocrx_word' id='word_1_52' title='bbox 927 915 973 990; x_wconf 80' lang='grc' dir='ltr'>είς</span> <span class='ocrx_word' id='word_1_53' title='bbox 1006 914 1157 998; x_wconf 76' lang='grc' dir='ltr'><strong><em>δευτέραν</em></strong></span> <span class='ocrx_word' id='word_1_54' title='bbox 1186 913 1242 979; x_wconf 76' lang='grc' dir='ltr'>καὶ</span> 
     </span>
    </p>

    <p class='ocr_par' dir='ltr' id='par_1_8' title="bbox 151 1006 1240 1100">
     <span class='ocr_line' id='line_1_8' title="bbox 151 1006 1240 1100; baseline 0 -23"><span class='ocrx_word' id='word_1_55' title='bbox 151 1013 267 1099; x_wconf 82' lang='grc' dir='ltr'><strong><em>τρίτην</em></strong></span> <span class='ocrx_word' id='word_1_56' title='bbox 295 1008 376 1095; x_wconf 73' lang='grc' dir='ltr'><strong><em>μετὰ</em></strong></span> <span class='ocrx_word' id='word_1_57' title='bbox 408 1012 471 1078; x_wconf 81' lang='grc' dir='ltr'><strong><em>τοόν</em></strong></span> <span class='ocrx_word' id='word_1_58' title='bbox 499 1012 601 1099; x_wconf 84' lang='grc' dir='ltr'><strong><em>φίλοιν</em></strong></span> <span class='ocrx_word' id='word_1_59' title='bbox 629 1010 825 1095; x_wconf 80' lang='grc' dir='ltr'><strong><em>σκεψόμενον</em></strong></span> <span class='ocrx_word' id='word_1_60' title='bbox 851 1011 994 1100; x_wconf 68' lang='grc' dir='ltr'><strong><em>ἡμέραν,</em></strong></span> <span class='ocrx_word' id='word_1_61' title='bbox 1026 1007 1127 1089; x_wconf 76' lang='grc' dir='ltr'><strong><em>οὕτως</em></strong></span> <span class='ocrx_word' id='word_1_62' title='bbox 1153 1006 1240 1096; x_wconf 80' lang='grc' dir='ltr'><strong><em>ἥκειν</em></strong></span> 
     </span>
    </p>

    <p class='ocr_par' dir='ltr' id='par_1_9' title="bbox 153 1103 1239 1198">
     <span class='ocr_line' id='line_1_9' title="bbox 153 1103 1239 1198; baseline 0.002 -24"><span class='ocrx_word' id='word_1_63' title='bbox 153 1103 389 1194; x_wconf 70' lang='grc' dir='ltr'><strong><em>εἰσαγγέλλοντα</em></strong></span> <span class='ocrx_word' id='word_1_64' title='bbox 410 1105 471 1176; x_wconf 85' lang='grc' dir='ltr'>όσα</span> <span class='ocrx_word' id='word_1_65' title='bbox 490 1107 607 1188; x_wconf 80' lang='grc' dir='ltr'><strong><em>ἔδοξεν.</em></strong></span> <span class='ocrx_word' id='word_1_66' title='bbox 656 1108 734 1187; x_wconf 81' lang='grc' dir='ltr'><strong><em>ἴσως</em></strong></span> <span class='ocrx_word' id='word_1_67' title='bbox 751 1109 812 1198; x_wconf 79' lang='grc' dir='ltr'>γάρ</span> <span class='ocrx_word' id='word_1_68' title='bbox 831 1136 864 1176; x_wconf 91' lang='grc' dir='ltr'>τι</span> <span class='ocrx_word' id='word_1_69' title='bbox 882 1114 944 1177; x_wconf 72' lang='grc' dir='ltr'><strong><em>τοῖν</em></strong></span> <span class='ocrx_word' id='word_1_70' title='bbox 964 1112 1096 1177; x_wconf 79' lang='grc' dir='ltr'><strong><em>δεόντων</em></strong></span> <span class='ocrx_word' id='word_1_71' title='bbox 1115 1110 1137 1197; x_wconf 82' lang='grc' dir='ltr'><em>ἦ</em></span> <span class='ocrx_word' id='word_1_72' title='bbox 1157 1106 1239 1193; x_wconf 73' lang='grc' dir='ltr'><strong><em>μετὰ</em></strong></span> 
     </span>
    </p>

    <p class='ocr_par' dir='ltr' id='par_1_10' title="bbox 115 1202 1242 1394">
     <span class='ocr_line' id='line_1_10' title="bbox 153 1202 1242 1296; baseline 0 -23"><span class='ocrx_word' id='word_1_73' title='bbox 153 1210 221 1274; x_wconf 74' lang='grc' dir='ltr'>τῶν</span> <span class='ocrx_word' id='word_1_74' title='bbox 243 1206 345 1296; x_wconf 84' lang='grc' dir='ltr'><strong><em>φιλαν</em></strong></span> <span class='ocrx_word' id='word_1_75' title='bbox 364 1202 421 1275; x_wconf 77' lang='grc' dir='ltr'>καί</span> <span class='ocrx_word' id='word_1_76' title='bbox 439 1210 561 1274; x_wconf 66' lang='lat' dir='ltr'>iturus</span> <span class='ocrx_word' id='word_1_77' title='bbox 580 1208 806 1293; x_wconf 76' lang='grc' dir='ltr'><strong><em>συνδιόσαεψις</em></strong></span> <span class='ocrx_word' id='word_1_78' title='bbox 824 1205 963 1295; x_wconf 83' lang='grc' dir='ltr'><strong><em>εόρὴσει.</em></strong></span> <span class='ocrx_word' id='word_1_79' title='bbox 989 1202 1242 1296; x_wconf 77' lang='grc' dir='ltr'><strong><em>Ἔπιχειροόντυς</em></strong></span> 
     </span>
     <span class='ocr_line' id='line_1_11' title="bbox 115 1301 1242 1394; baseline -0.004 -17"><span class='ocrx_word' id='word_1_80' title='bbox 115 1308 198 1377; x_wconf 74' lang='lat' dir='ltr'>todi</span> <span class='ocrx_word' id='word_1_81' title='bbox 219 1301 316 1385; x_wconf 73' lang='grc' dir='ltr'><strong><em>αὖθις</em></strong></span> <span class='ocrx_word' id='word_1_82' title='bbox 337 1306 509 1391; x_wconf 66' lang='grc' dir='ltr'><strong><em>ἀντιλέγειν</em></strong></span> <span class='ocrx_word' id='word_1_83' title='bbox 529 1308 590 1371; x_wconf 77' lang='grc' dir='ltr'><strong><em>τοτ’</em></strong></span> <span class='ocrx_word' id='word_1_84' title='bbox 609 1311 795 1390; x_wconf 81' lang='grc' dir='ltr'><strong><em>Μπενότου,</em></strong></span> <span class='ocrx_word' id='word_1_85' title='bbox 817 1308 948 1391; x_wconf 77' lang='grc' dir='ltr'><strong><em>ἐπέσχεν</em></strong></span> <span class='ocrx_word' id='word_1_86' title='bbox 969 1306 987 1372; x_wconf 90' lang='grc' dir='ltr'><strong><em>ό</em></strong></span> <span class='ocrx_word' id='word_1_87' title='bbox 1007 1306 1166 1392; x_wconf 80' lang='grc' dir='ltr'><strong><em>βασιλεός,</em></strong></span> <span class='ocrx_word' id='word_1_88' title='bbox 1186 1309 1242 1394; x_wconf 76' lang='grc' dir='ltr'><strong><em>τῆς</em></strong></span> 
     </span>
    </p>

    <p class='ocr_par' dir='ltr' id='par_1_11' title="bbox 154 1400 1335 1492">
     <span class='ocr_line' id='line_1_12' title="bbox 154 1400 1335 1492; baseline 0.001 -21"><span class='ocrx_word' id='word_1_89' title='bbox 154 1407 319 1492; x_wconf 77' lang='grc' dir='ltr'><strong><em>καόόδρας</em></strong></span> <span class='ocrx_word' id='word_1_90' title='bbox 337 1429 373 1471; x_wconf 89' lang='grc' dir='ltr'>τε</span> <span class='ocrx_word' id='word_1_91' title='bbox 392 1403 563 1484; x_wconf 77' lang='grc' dir='ltr'><strong><em>ἐξαναστὰς</em></strong></span> <span class='ocrx_word' id='word_1_92' title='bbox 582 1407 637 1472; x_wconf 77' lang='grc' dir='ltr'>καί</span> <span class='ocrx_word' id='word_1_93' title='bbox 653 1404 733 1492; x_wconf 82' lang='grc' dir='ltr'><strong><em>πρός</em></strong></span> <span class='ocrx_word' id='word_1_94' title='bbox 754 1401 849 1472; x_wconf 84' lang='grc' dir='ltr'><strong><em>αότόν</em></strong></span> <span class='ocrx_word' id='word_1_95' title='bbox 870 1405 983 1490; x_wconf 78' lang='grc' dir='ltr'><strong><em>εἶπόν,</em></strong></span> <span class='ocrx_word' id='word_1_96' title='bbox 1004 1405 1049 1483; x_wconf 77' lang='grc' dir='ltr'>ὥς</span> <span class='ocrx_word' id='word_1_97' title='bbox 1068 1400 1125 1471; x_wconf 84' lang='grc' dir='ltr'>οόκ</span> <span class='ocrx_word' id='word_1_98' title='bbox 1145 1403 1335 1472; x_wconf 69' lang='lat' dir='ltr'>troi-Pati</span> 
     </span>
    </p>

    <p class='ocr_par' dir='ltr' id='par_1_12' title="bbox 155 1500 1345 1593">
     <span class='ocr_line' id='line_1_13' title="bbox 155 1500 1345 1593; baseline -0.003 -22"><span class='ocrx_word' id='word_1_99' title='bbox 155 1527 250 1571; x_wconf 84' lang='grc' dir='ltr'><strong><em>σεται</em></strong></span> <span class='ocrx_word' id='word_1_100' title='bbox 269 1509 344 1593; x_wconf 79' lang='grc' dir='ltr'><strong><em>πρίν</em></strong></span> <span class='ocrx_word' id='word_1_101' title='bbox 362 1503 444 1590; x_wconf 84' lang='grc' dir='ltr'><strong><em>μετό</em></strong></span> <span class='ocrx_word' id='word_1_102' title='bbox 465 1508 528 1571; x_wconf 77' lang='grc' dir='ltr'>τόν</span> <span class='ocrx_word' id='word_1_103' title='bbox 546 1505 648 1592; x_wconf 63' lang='grc' dir='ltr'><strong><em>φάσιν</em></strong></span> <span class='ocrx_word' id='word_1_104' title='bbox 666 1505 919 1589; x_wconf 73' lang='grc' dir='ltr'><strong><em>βουλευσόμενον</em></strong></span> <span class='ocrx_word' id='word_1_105' title='bbox 939 1500 1035 1591; x_wconf 84' lang='grc' dir='ltr'><strong><em>ἥκειν.</em></strong></span> <span class='ocrx_word' id='word_1_106' title='bbox 1076 1504 1285 1586; x_wconf 63' lang='grc' dir='ltr'><strong><em>Μπενότοςν.</em></strong></span> <span class='ocrx_word' id='word_1_107' title='bbox 1296 1513 1345 1584; x_wconf 80' lang='lat'>¹⁸9</span> 
     </span>
    </p>

    <p class='ocr_par' dir='ltr' id='par_1_13' title="bbox 154 1598 1245 1692">
     <span class='ocr_line' id='line_1_14' title="bbox 154 1598 1245 1692; baseline 0.001 -22"><span class='ocrx_word' id='word_1_108' title='bbox 154 1605 218 1687; x_wconf 70' lang='grc' dir='ltr'>μὲν</span> <span class='ocrx_word' id='word_1_109' title='bbox 240 1598 297 1671; x_wconf 83' lang='grc' dir='ltr'><strong><em>σόν</em></strong></span> <span class='ocrx_word' id='word_1_110' title='bbox 318 1600 420 1682; x_wconf 83' lang='grc' dir='ltr'><strong><em>οότοις</em></strong></span> <span class='ocrx_word' id='word_1_111' title='bbox 442 1601 549 1670; x_wconf 82' lang='grc' dir='ltr'><strong><em>οἴκαδε</em></strong></span> <span class='ocrx_word' id='word_1_112' title='bbox 567 1605 724 1691; x_wconf 73' lang='grc' dir='ltr'><strong><em>ἀπῆλθεν,</em></strong></span> <span class='ocrx_word' id='word_1_113' title='bbox 746 1604 910 1681; x_wconf 77' lang='grc' dir='ltr'><strong><em>ἀνάπλεως</em></strong></span> <span class='ocrx_word' id='word_1_114' title='bbox 926 1604 1082 1692; x_wconf 81' lang='grc' dir='ltr'><strong><em>ταραχῆς·</em></strong></span> <span class='ocrx_word' id='word_1_115' title='bbox 1114 1606 1160 1680; x_wconf 82' lang='grc' dir='ltr'>εἰς</span> <span class='ocrx_word' id='word_1_116' title='bbox 1177 1605 1245 1692; x_wconf 85' lang='grc' dir='ltr'><strong><em>τρί-</em></strong></span> 
     </span>
    </p>

    <p class='ocr_par' dir='ltr' id='par_1_14' title="bbox 117 1698 1309 1890">
     <span class='ocr_line' id='line_1_15' title="bbox 154 1698 1246 1791; baseline -0.002 -20"><span class='ocrx_word' id='word_1_117' title='bbox 154 1729 216 1791; x_wconf 88' lang='grc' dir='ltr'>την</span> <span class='ocrx_word' id='word_1_118' title='bbox 247 1707 284 1771; x_wconf 76' lang='grc' dir='ltr'>δὲ</span> <span class='ocrx_word' id='word_1_119' title='bbox 310 1700 433 1791; x_wconf 77' lang='grc' dir='ltr'><strong><em>ἡμέραν</em></strong></span> <span class='ocrx_word' id='word_1_120' title='bbox 463 1705 748 1788; x_wconf 80' lang='grc' dir='ltr'><strong><em>μεταπεμψάμενος</em></strong></span> <span class='ocrx_word' id='word_1_121' title='bbox 779 1698 876 1770; x_wconf 85' lang='grc' dir='ltr'><strong><em>αότόν</em></strong></span> <span class='ocrx_word' id='word_1_122' title='bbox 896 1699 914 1768; x_wconf 87' lang='grc' dir='ltr'><strong><em>ό</em></strong></span> <span class='ocrx_word' id='word_1_123' title='bbox 934 1701 1101 1789; x_wconf 71' lang='grc' dir='ltr'><strong><em>βασιλεὺς,</em></strong></span> <span class='ocrx_word' id='word_1_124' title='bbox 1128 1705 1246 1770; x_wconf 75' lang='grc' dir='ltr'><strong><em>τόντε</em></strong></span> 
     </span>
     <span class='ocr_line' id='line_1_16' title="bbox 117 1794 1309 1890; baseline 0 -21"><span class='ocrx_word' id='word_1_125' title='bbox 117 1800 311 1888; x_wconf 74' lang='grc' dir='ltr'><strong><em>ιὸπρότερον</em></strong></span> <span class='ocrx_word' id='word_1_126' title='bbox 331 1798 558 1889; x_wconf 69' lang='grc' dir='ltr'><strong><em>ἀνεμίμνησκεν</em></strong></span> <span class='ocrx_word' id='word_1_127' title='bbox 579 1804 752 1890; x_wconf 79' lang='grc' dir='ltr'><strong><em>εἰρημένων</em></strong></span> <span class='ocrx_word' id='word_1_128' title='bbox 772 1801 827 1868; x_wconf 80' lang='grc' dir='ltr'>καὶ</span> <span class='ocrx_word' id='word_1_129' title='bbox 853 1804 932 1889; x_wconf 69' lang='grc' dir='ltr'><strong><em>ἕτερ’</em></strong></span> <span class='ocrx_word' id='word_1_130' title='bbox 953 1794 1035 1868; x_wconf 74' lang='grc' dir='ltr'><strong><em>ἅττα</em></strong></span> <span class='ocrx_word' id='word_1_131' title='bbox 1054 1801 1247 1889; x_wconf 72' lang='grc' dir='ltr'><strong><em>προσετιλὶει,</em></strong></span> <span class='ocrx_word' id='word_1_132' title='bbox 1306 1862 1309 1869; x_wconf 92' lang='grc'><strong><em>,</em></strong></span> 
     </span>
    </p>

    <p class='ocr_par' dir='ltr' id='par_1_15' title="bbox 157 1897 1247 1989">
     <span class='ocr_line' id='line_1_17' title="bbox 157 1897 1247 1989; baseline 0.004 -24"><span class='ocrx_word' id='word_1_133' title='bbox 157 1897 218 1985; x_wconf 79' lang='grc' dir='ltr'>τήν</span> <span class='ocrx_word' id='word_1_134' title='bbox 245 1923 281 1966; x_wconf 85' lang='grc' dir='ltr'>τε</span> <span class='ocrx_word' id='word_1_135' title='bbox 309 1900 475 1983; x_wconf 73' lang='grc' dir='ltr'><strong><em>εὐμένειαν</em></strong></span> <span class='ocrx_word' id='word_1_136' title='bbox 501 1900 559 1989; x_wconf 66' lang='lat' dir='ltr'>ripe</span> <span class='ocrx_word' id='word_1_137' title='bbox 587 1901 668 1987; x_wconf 83' lang='grc' dir='ltr'><strong><em>πρός</em></strong></span> <span class='ocrx_word' id='word_1_138' title='bbox 697 1897 795 1968; x_wconf 82' lang='grc' dir='ltr'><strong><em>αότόν</em></strong></span> <span class='ocrx_word' id='word_1_139' title='bbox 814 1900 946 1987; x_wconf 80' lang='grc' dir='ltr'><strong><em>ἔνδηλον</em></strong></span> <span class='ocrx_word' id='word_1_140' title='bbox 974 1904 1074 1967; x_wconf 72' lang='grc' dir='ltr'><strong><em>ποιεῖν</em></strong></span> <span class='ocrx_word' id='word_1_141' title='bbox 1093 1902 1150 1966; x_wconf 76' lang='grc' dir='ltr'>καί</span> <span class='ocrx_word' id='word_1_142' title='bbox 1169 1897 1247 1987; x_wconf 87' lang='grc' dir='ltr'><strong><em>όσην</em></strong></span> 
     </span>
    </p>

    <p class='ocr_par' dir='ltr' id='par_1_16' title="bbox 158 1992 1247 2088">
     <span class='ocr_line' id='line_1_18' title="bbox 158 1992 1247 2088; baseline 0.003 -25"><span class='ocrx_word' id='word_1_143' title='bbox 158 1995 231 2082; x_wconf 77' lang='grc' dir='ltr'><strong><em>ἔχει</em></strong></span> <span class='ocrx_word' id='word_1_144' title='bbox 249 2002 325 2084; x_wconf 76' lang='grc' dir='ltr'><strong><em>περὶ</em></strong></span> <span class='ocrx_word' id='word_1_145' title='bbox 342 1997 379 2063; x_wconf 89' lang='grc' dir='ltr'>τό</span> <span class='ocrx_word' id='word_1_146' title='bbox 398 1992 438 2065; x_wconf 82' lang='grc' dir='ltr'>τό</span> <span class='ocrx_word' id='word_1_147' title='bbox 466 2008 568 2067; x_wconf 80' lang='grc' dir='ltr'><strong><em>ποιεῖν</em></strong></span> <span class='ocrx_word' id='word_1_148' title='bbox 595 1995 695 2066; x_wconf 85' lang='grc' dir='ltr'><strong><em>ου’τόν</em></strong></span> <span class='ocrx_word' id='word_1_149' title='bbox 722 1998 778 2086; x_wconf 75' lang='grc' dir='ltr'>την</span> <span class='ocrx_word' id='word_1_150' title='bbox 804 1998 999 2088; x_wconf 65' lang='grc' dir='ltr'><strong><em>προθυμιλιν.</em></strong></span> <span class='ocrx_word' id='word_1_151' title='bbox 1039 1996 1247 2083; x_wconf 77' lang='grc' dir='ltr'><strong><em>συνεβοόλευό</em></strong></span> 
     </span>
    </p>

    <p class='ocr_par' dir='ltr' id='par_1_17' title="bbox 157 2095 1248 2189">
     <span class='ocr_line' id='line_1_19' title="bbox 157 2095 1248 2189; baseline 0.005 -29"><span class='ocrx_word' id='word_1_152' title='bbox 157 2118 196 2161; x_wconf 84' lang='grc' dir='ltr'>τε</span> <span class='ocrx_word' id='word_1_153' title='bbox 216 2098 387 2163; x_wconf 73' lang='grc' dir='ltr'><strong><em>πείθεσθαι</em></strong></span> <span class='ocrx_word' id='word_1_154' title='bbox 407 2097 494 2189; x_wconf 72' lang='grc' dir='ltr'><strong><em>αότηῖ</em></strong></span> <span class='ocrx_word' id='word_1_155' title='bbox 519 2099 563 2177; x_wconf 67' lang='grc' dir='ltr'>οἷς</span> <span class='ocrx_word' id='word_1_156' title='bbox 584 2102 805 2165; x_wconf 74' lang='grc' dir='ltr'><strong><em>λυσιτελοῦντα</em></strong></span> <span class='ocrx_word' id='word_1_157' title='bbox 824 2102 1054 2188; x_wconf 74' lang='grc' dir='ltr'><strong><em>βουλευομένῳ.</em></strong></span> <span class='ocrx_word' id='word_1_158' title='bbox 1098 2095 1116 2163; x_wconf 84' lang='grc' dir='ltr'><strong><em>ό</em></strong></span> <span class='ocrx_word' id='word_1_159' title='bbox 1136 2099 1172 2164; x_wconf 82' lang='grc' dir='ltr'>δὲ</span> <span class='ocrx_word' id='word_1_160' title='bbox 1189 2100 1248 2183; x_wconf 82' lang='grc' dir='ltr'>τῆς</span> 
     </span>
    </p>

    <p class='ocr_par' dir='ltr' id='par_1_18' title="bbox 116 2190 1268 2386">
     <span class='ocr_line' id='line_1_20' title="bbox 157 2190 1268 2287; baseline 0.003 -27"><span class='ocrx_word' id='word_1_161' title='bbox 157 2218 196 2260; x_wconf 86' lang='grc' dir='ltr'>τε</span> <span class='ocrx_word' id='word_1_162' title='bbox 216 2198 252 2276; x_wconf 80' lang='grc' dir='ltr'>ἐξ</span> <span class='ocrx_word' id='word_1_163' title='bbox 272 2190 374 2283; x_wconf 69' lang='grc' dir='ltr'><strong><em>ἀρχῆς</em></strong></span> <span class='ocrx_word' id='word_1_164' title='bbox 395 2195 495 2281; x_wconf 83' lang='grc' dir='ltr'><strong><em>εἴχετο</em></strong></span> <span class='ocrx_word' id='word_1_165' title='bbox 513 2198 638 2284; x_wconf 76' lang='grc' dir='ltr'><strong><em>γνώμης</em></strong></span> <span class='ocrx_word' id='word_1_166' title='bbox 658 2201 714 2265; x_wconf 84' lang='grc' dir='ltr'><strong><em>καί</em></strong></span> <span class='ocrx_word' id='word_1_167' title='bbox 733 2204 862 2283; x_wconf 76' lang='grc' dir='ltr'><strong><em>βασιλεῖ</em></strong></span> <span class='ocrx_word' id='word_1_168' title='bbox 886 2198 1019 2287; x_wconf 78' lang='grc' dir='ltr'><strong><em>παρῄνει</em></strong></span> <span class='ocrx_word' id='word_1_169' title='bbox 1038 2195 1084 2283; x_wconf 77' lang='grc' dir='ltr'><em>μή</em></span> <span class='ocrx_word' id='word_1_170' title='bbox 1104 2199 1171 2286; x_wconf 78' lang='grc' dir='ltr'><strong><em>εἰκῇ</em></strong></span> <span class='ocrx_word' id='word_1_171' title='bbox 1190 2221 1268 2273; x_wconf 46' lang='grc' dir='ltr'><strong><em>ποτ,</em></strong></span> 
     </span>
     <span class='ocr_line' id='line_1_21' title="bbox 116 2288 1249 2386; baseline 0.002 -25"><span class='ocrx_word' id='word_1_172' title='bbox 116 2303 245 2378; x_wconf 66' lang='grc' dir='ltr'><strong><em>πονεῖν,</em></strong></span> <span class='ocrx_word' id='word_1_173' title='bbox 274 2296 353 2380; x_wconf 76' lang='grc' dir='ltr'><strong><em>μηδ’</em></strong></span> <span class='ocrx_word' id='word_1_174' title='bbox 373 2288 450 2362; x_wconf 75' lang='grc' dir='ltr'><strong><em>ἄλλο</em></strong></span> <span class='ocrx_word' id='word_1_175' title='bbox 469 2322 501 2364; x_wconf 87' lang='grc' dir='ltr'>τι</span> <span class='ocrx_word' id='word_1_176' title='bbox 520 2302 643 2365; x_wconf 75' lang='grc' dir='ltr'><strong><em>πείθειν</em></strong></span> <span class='ocrx_word' id='word_1_177' title='bbox 663 2300 841 2386; x_wconf 75' lang='grc' dir='ltr'><strong><em>ἐπιχειρεῖν.</em></strong></span> <span class='ocrx_word' id='word_1_178' title='bbox 874 2292 943 2363; x_wconf 71' lang='grc' dir='ltr'><strong><em>ἀλλ’</em></strong></span> <span class='ocrx_word' id='word_1_179' title='bbox 959 2299 990 2364; x_wconf 81' lang='grc' dir='ltr'>εἰ</span> <span class='ocrx_word' id='word_1_180' title='bbox 1008 2300 1068 2381; x_wconf 80' lang='grc' dir='ltr'>μὲν</span> <span class='ocrx_word' id='word_1_181' title='bbox 1088 2290 1176 2386; x_wconf 75' lang='grc' dir='ltr'><strong><em>αότρῖ</em></strong></span> <span class='ocrx_word' id='word_1_182' title='bbox 1193 2298 1249 2383; x_wconf 80' lang='grc' dir='ltr'><strong><em>τῆς</em></strong></span> 
     </span>
    </p>

    <p class='ocr_par' dir='ltr' id='par_1_19' title="bbox 157 2392 1274 2484">
     <span class='ocr_line' id='line_1_22' title="bbox 157 2392 1274 2484; baseline 0.004 -26"><span class='ocrx_word' id='word_1_183' title='bbox 157 2392 258 2480; x_wconf 73' lang='grc' dir='ltr'><strong><em>νήσου</em></strong></span> <span class='ocrx_word' id='word_1_184' title='bbox 279 2397 386 2461; x_wconf 79' lang='grc' dir='ltr'><strong><em>πᾶσαν</em></strong></span> <span class='ocrx_word' id='word_1_185' title='bbox 404 2398 561 2483; x_wconf 87' lang='grc' dir='ltr'><strong><em>παραδοίη</em></strong></span> <span class='ocrx_word' id='word_1_186' title='bbox 580 2395 638 2483; x_wconf 71' lang='grc' dir='ltr'>τήν</span> <span class='ocrx_word' id='word_1_187' title='bbox 660 2396 774 2484; x_wconf 74' lang='grc' dir='ltr'><strong><em>ἀρχὴν,</em></strong></span> <span class='ocrx_word' id='word_1_188' title='bbox 794 2399 825 2462; x_wconf 81' lang='grc' dir='ltr'>εἰ</span> <span class='ocrx_word' id='word_1_189' title='bbox 844 2400 879 2464; x_wconf 85' lang='grc' dir='ltr'>δὲ</span> <span class='ocrx_word' id='word_1_190' title='bbox 899 2395 962 2483; x_wconf 78' lang='grc' dir='ltr'><strong><em>μὴ,</em></strong></span> <span class='ocrx_word' id='word_1_191' title='bbox 983 2392 1065 2463; x_wconf 77' lang='grc' dir='ltr'><strong><em>ἄλλό</em></strong></span> <span class='ocrx_word' id='word_1_192' title='bbox 1084 2394 1156 2481; x_wconf 87' lang='grc' dir='ltr'><strong><em>τόγε</em></strong></span> <span class='ocrx_word' id='word_1_193' title='bbox 1177 2393 1274 2463; x_wconf 85' lang='grc' dir='ltr'><strong><em>δεό-Β</em></strong></span> 
     </span>
    </p>

    <p class='ocr_par' dir='ltr' id='par_1_20' title="bbox 157 2489 1302 2583">
     <span class='ocr_line' id='line_1_23' title="bbox 157 2489 1302 2583; baseline 0 -23"><span class='ocrx_word' id='word_1_194' title='bbox 157 2515 273 2577; x_wconf 83' lang='grc' dir='ltr'><strong><em>τερον,</em></strong></span> <span class='ocrx_word' id='word_1_195' title='bbox 298 2494 361 2559; x_wconf 80' lang='grc' dir='ltr'><strong><em>τοόν</em></strong></span> <span class='ocrx_word' id='word_1_196' title='bbox 388 2493 543 2583; x_wconf 78' lang='grc' dir='ltr'><strong><em>τριήρεσιν</em></strong></span> <span class='ocrx_word' id='word_1_197' title='bbox 564 2490 770 2563; x_wconf 68' lang='lat' dir='ltr'>torretorre</span> <span class='ocrx_word' id='word_1_198' title='bbox 791 2497 891 2563; x_wconf 78' lang='grc' dir='ltr'><strong><em>ε’δεῖτο</em></strong></span> <span class='ocrx_word' id='word_1_199' title='bbox 914 2504 1112 2583; x_wconf 76' lang='grc' dir='ltr'><strong><em>παρασχεῖν,</em></strong></span> <span class='ocrx_word' id='word_1_200' title='bbox 1147 2494 1191 2572; x_wconf 73' lang='grc' dir='ltr'>ὥς</span> <span class='ocrx_word' id='word_1_201' title='bbox 1209 2489 1250 2560; x_wconf 82' lang='grc' dir='ltr'><strong><em>όν</em></strong></span> <span class='ocrx_word' id='word_1_202' title='bbox 1299 2496 1302 2503; x_wconf 74' lang='grc'><em>’</em></span> 
     </span>
    </p>

    <p class='ocr_par' dir='ltr' id='par_1_21' title="bbox 159 2586 1251 2680">
     <span class='ocr_line' id='line_1_24' title="bbox 159 2586 1251 2680; baseline 0.002 -25"><span class='ocrx_word' id='word_1_203' title='bbox 159 2592 211 2667; x_wconf 78' lang='grc' dir='ltr'><strong><em>εἰς</em></strong></span> <span class='ocrx_word' id='word_1_204' title='bbox 230 2593 379 2658; x_wconf 77' lang='grc' dir='ltr'><strong><em>Γαλατᾶν</em></strong></span> <span class='ocrx_word' id='word_1_205' title='bbox 400 2592 571 2680; x_wconf 77' lang='grc' dir='ltr'><strong><em>ἀφίκηται,</em></strong></span> <span class='ocrx_word' id='word_1_206' title='bbox 600 2597 767 2678; x_wconf 68' lang='grc' dir='ltr'><strong><em>ἐνθέμενος</em></strong></span> <span class='ocrx_word' id='word_1_207' title='bbox 786 2591 827 2660; x_wconf 81' lang='grc' dir='ltr'>τό</span> <span class='ocrx_word' id='word_1_208' title='bbox 849 2586 935 2661; x_wconf 77' lang='grc' dir='ltr'><strong><em>ὄντα.</em></strong></span> <span class='ocrx_word' id='word_1_209' title='bbox 977 2598 1107 2677; x_wconf 83' lang='grc' dir='ltr'><strong><em>βασιλεῖ</em></strong></span> <span class='ocrx_word' id='word_1_210' title='bbox 1124 2595 1159 2660; x_wconf 76' lang='grc' dir='ltr'>δὲ</span> <span class='ocrx_word' id='word_1_211' title='bbox 1178 2591 1251 2658; x_wconf 80' lang='grc' dir='ltr'><strong><em>όδό-</em></strong></span> 
     </span>
    </p>

    <p class='ocr_par' dir='ltr' id='par_1_22' title="bbox 162 2688 1254 2783">
     <span class='ocr_line' id='line_1_25' title="bbox 162 2688 1254 2783; baseline 0.004 -29"><span class='ocrx_word' id='word_1_212' title='bbox 162 2710 215 2754; x_wconf 81' lang='grc' dir='ltr'>κει</span> <span class='ocrx_word' id='word_1_213' title='bbox 235 2688 354 2775; x_wconf 88' lang='grc' dir='ltr'><strong><em>δεινόν,</em></strong></span> <span class='ocrx_word' id='word_1_214' title='bbox 387 2693 419 2757; x_wconf 77' lang='grc' dir='ltr'>ελ</span> <span class='ocrx_word' id='word_1_215' title='bbox 434 2692 529 2780; x_wconf 78' lang='grc' dir='ltr'><strong><em>μηπα</em></strong></span> <span class='ocrx_word' id='word_1_216' title='bbox 551 2697 630 2761; x_wconf 78' lang='grc' dir='ltr'><strong><em>πᾶσι</em></strong></span> <span class='ocrx_word' id='word_1_217' title='bbox 648 2697 789 2783; x_wconf 80' lang='grc' dir='ltr'><strong><em>φανερᾶς</em></strong></span> <span class='ocrx_word' id='word_1_218' title='bbox 807 2695 865 2780; x_wconf 82' lang='grc' dir='ltr'>τῆς</span> <span class='ocrx_word' id='word_1_219' title='bbox 885 2694 931 2772; x_wconf 81' lang='grc' dir='ltr'>είς</span> <span class='ocrx_word' id='word_1_220' title='bbox 951 2690 1052 2760; x_wconf 85' lang='grc' dir='ltr'><strong><em>αότόν</em></strong></span> <span class='ocrx_word' id='word_1_221' title='bbox 1072 2690 1254 2777; x_wconf 83' lang='grc' dir='ltr'><strong><em>εόεργεσίας</em></strong></span> 
     </span>
    </p>
   </div>
   <div class='ocr_carea' id='block_1_3' title="bbox 162 2881 1315 4222">
    <p class='ocr_par' dir='ltr' id='par_1_23' title="bbox 162 2881 1315 4222">
     <span class='ocr_line' id='line_1_26' title="bbox 162 2881 1315 2959; baseline -0.003 -21"><span class='ocrx_word' id='word_1_222' title='bbox 162 2886 336 2954; x_wconf 79' lang='lat' dir='ltr'>imperator,</span> <span class='ocrx_word' id='word_1_223' title='bbox 356 2881 392 2938; x_wconf 91' lang='lat' dir='ltr'>de</span> <span class='ocrx_word' id='word_1_224' title='bbox 419 2887 567 2959; x_wconf 84' lang='lat' dir='ltr'>re-aliqna</span> <span class='ocrx_word' id='word_1_225' title='bbox 584 2883 803 2948; x_wconf 67' lang='lat' dir='ltr'>deliberantibus</span> <span class='ocrx_word' id='word_1_226' title='bbox 823 2885 876 2938; x_wconf 89' lang='lat' dir='ltr'>iam</span> <span class='ocrx_word' id='word_1_227' title='bbox 895 2884 983 2947; x_wconf 86' lang='lat' dir='ltr'>haec,</span> <span class='ocrx_word' id='word_1_228' title='bbox 1008 2884 1090 2954; x_wconf 89' lang='lat' dir='ltr'>paulo</span> <span class='ocrx_word' id='word_1_229' title='bbox 1107 2889 1171 2954; x_wconf 87' lang='lat' dir='ltr'>port</span> <span class='ocrx_word' id='word_1_230' title='bbox 1185 2899 1254 2936; x_wconf 84' lang='lat' dir='ltr'>con-</span> <span class='ocrx_word' id='word_1_231' title='bbox 1307 2943 1315 2953; x_wconf 89' lang='lat'><strong><em>.</em></strong></span> 
     </span>
     <span class='ocr_line' id='line_1_27' title="bbox 165 2953 1254 3028; baseline -0.003 -19"><span class='ocrx_word' id='word_1_232' title='bbox 165 2955 255 3009; x_wconf 88' lang='lat' dir='ltr'>traria</span> <span class='ocrx_word' id='word_1_233' title='bbox 271 2954 302 3005; x_wconf 90' lang='lat' dir='ltr'>in</span> <span class='ocrx_word' id='word_1_234' title='bbox 319 2962 439 3008; x_wconf 85' lang='lat' dir='ltr'>mentem</span> <span class='ocrx_word' id='word_1_235' title='bbox 456 2959 560 3022; x_wconf 80' lang='lat' dir='ltr'>venire,</span> <span class='ocrx_word' id='word_1_236' title='bbox 580 2974 651 3028; x_wconf 87' lang='lat' dir='ltr'>quae</span> <span class='ocrx_word' id='word_1_237' title='bbox 670 2964 718 3008; x_wconf 90' lang='lat' dir='ltr'>aut</span> <span class='ocrx_word' id='word_1_238' title='bbox 734 2956 858 3017; x_wconf 88' lang='lat' dir='ltr'>meliora,</span> <span class='ocrx_word' id='word_1_239' title='bbox 879 2963 927 3007; x_wconf 88' lang='lat' dir='ltr'>aut</span> <span class='ocrx_word' id='word_1_240' title='bbox 943 2953 1081 3007; x_wconf 81' lang='lat' dir='ltr'>deteriora</span> <span class='ocrx_word' id='word_1_241' title='bbox 1097 2960 1254 3024; x_wconf 76' lang='lat' dir='ltr'><strong>appareant.</strong></span> 
     </span>
     <span class='ocr_line' id='line_1_28' title="bbox 163 3022 1255 3098; baseline 0 -23"><span class='ocrx_word' id='word_1_242' title='bbox 163 3024 263 3095; x_wconf 87' lang='lat' dir='ltr'>Quare</span> <span class='ocrx_word' id='word_1_243' title='bbox 287 3040 339 3076; x_wconf 86' lang='lat' dir='ltr'>nec</span> <span class='ocrx_word' id='word_1_244' title='bbox 354 3026 443 3095; x_wconf 78' lang='lat' dir='ltr'>iprum</span> <span class='ocrx_word' id='word_1_245' title='bbox 469 3026 580 3089; x_wconf 83' lang='lat' dir='ltr'>decere,</span> <span class='ocrx_word' id='word_1_246' title='bbox 605 3027 701 3098; x_wconf 86' lang='lat' dir='ltr'>primis</span> <span class='ocrx_word' id='word_1_247' title='bbox 727 3025 763 3078; x_wconf 87' lang='lat' dir='ltr'>ab</span> <span class='ocrx_word' id='word_1_248' title='bbox 786 3041 815 3077; x_wconf 87' lang='lat' dir='ltr'>se</span> <span class='ocrx_word' id='word_1_249' title='bbox 841 3024 942 3078; x_wconf 81' lang='lat' dir='ltr'>auditir</span> <span class='ocrx_word' id='word_1_250' title='bbox 971 3023 1161 3086; x_wconf 70' lang='lat' dir='ltr'>sermonibus,</span> <span class='ocrx_word' id='word_1_251' title='bbox 1185 3022 1255 3075; x_wconf 90' lang='lat' dir='ltr'>adeo</span> 
     </span>
     <span class='ocr_line' id='line_1_29' title="bbox 163 3094 1255 3168; baseline -0.003 -20"><span class='ocrx_word' id='word_1_252' title='bbox 163 3094 369 3148; x_wconf 78' lang='lat' dir='ltr'>inconsiderate</span> <span class='ocrx_word' id='word_1_253' title='bbox 391 3097 547 3168; x_wconf 75' lang='lat' dir='ltr'>desperare3</span> <span class='ocrx_word' id='word_1_254' title='bbox 565 3114 658 3150; x_wconf 85' lang='lat' dir='ltr'>verum</span> <span class='ocrx_word' id='word_1_255' title='bbox 676 3112 743 3148; x_wconf 83' lang='lat' dir='ltr'>cnm</span> <span class='ocrx_word' id='word_1_256' title='bbox 757 3097 851 3148; x_wconf 90' lang='lat' dir='ltr'>amicis</span> <span class='ocrx_word' id='word_1_257' title='bbox 871 3113 902 3147; x_wconf 84' lang='lat' dir='ltr'>ac</span> <span class='ocrx_word' id='word_1_258' title='bbox 918 3094 1081 3165; x_wconf 84' lang='lat' dir='ltr'>propinquis</span> <span class='ocrx_word' id='word_1_259' title='bbox 1097 3094 1183 3147; x_wconf 89' lang='lat' dir='ltr'>biduo</span> <span class='ocrx_word' id='word_1_260' title='bbox 1202 3094 1255 3145; x_wconf 86' lang='lat' dir='ltr'>tri-</span> 
     </span>
     <span class='ocr_line' id='line_1_30' title="bbox 165 3163 1255 3236; baseline -0.003 -17"><span class='ocrx_word' id='word_1_261' title='bbox 165 3166 260 3219; x_wconf 81' lang='lat' dir='ltr'>duove</span> <span class='ocrx_word' id='word_1_262' title='bbox 278 3165 327 3216; x_wconf 88' lang='lat' dir='ltr'>ubi</span> <span class='ocrx_word' id='word_1_263' title='bbox 346 3169 530 3233; x_wconf 88' lang='lat' dir='ltr'>consuluerit,</span> <span class='ocrx_word' id='word_1_264' title='bbox 549 3175 607 3220; x_wconf 91' lang='lat' dir='ltr'>tum</span> <span class='ocrx_word' id='word_1_265' title='bbox 626 3166 735 3219; x_wconf 90' lang='lat' dir='ltr'>demum</span> <span class='ocrx_word' id='word_1_266' title='bbox 752 3167 847 3220; x_wconf 78' lang='lat' dir='ltr'>venire</span> <span class='ocrx_word' id='word_1_267' title='bbox 870 3175 899 3218; x_wconf 87' lang='lat' dir='ltr'>et</span> <span class='ocrx_word' id='word_1_268' title='bbox 921 3163 987 3236; x_wconf 89' lang='lat' dir='ltr'>quid</span> <span class='ocrx_word' id='word_1_269' title='bbox 1012 3163 1146 3235; x_wconf 88' lang='lat' dir='ltr'>probetur</span> <span class='ocrx_word' id='word_1_270' title='bbox 1168 3180 1255 3234; x_wconf 81' lang='lat' dir='ltr'>expo-</span> 
     </span>
     <span class='ocr_line' id='line_1_31' title="bbox 166 3234 1256 3320; baseline -0.005 -30"><span class='ocrx_word' id='word_1_271' title='bbox 166 3252 251 3301; x_wconf 84' lang='lat' dir='ltr'>nere;</span> <span class='ocrx_word' id='word_1_272' title='bbox 276 3234 399 3293; x_wconf 82' lang='lat' dir='ltr'>fortassis</span> <span class='ocrx_word' id='word_1_273' title='bbox 418 3239 491 3290; x_wconf 89' lang='lat' dir='ltr'>enim</span> <span class='ocrx_word' id='word_1_274' title='bbox 510 3256 542 3291; x_wconf 91' lang='lat' dir='ltr'>ea</span> <span class='ocrx_word' id='word_1_275' title='bbox 567 3238 785 3300; x_wconf 88' lang='lat' dir='ltr'>consultatione,</span> <span class='ocrx_word' id='word_1_276' title='bbox 809 3234 878 3307; x_wconf 90' lang='lat' dir='ltr'>quid</span> <span class='ocrx_word' id='word_1_277' title='bbox 900 3236 989 3287; x_wconf 86' lang='lat' dir='ltr'>lacere</span> <span class='ocrx_word' id='word_1_278' title='bbox 1007 3252 1058 3320; x_wconf 87' lang='lat' dir='ltr'>par</span> <span class='ocrx_word' id='word_1_279' title='bbox 1076 3236 1130 3299; x_wconf 89' lang='lat' dir='ltr'>sit,</span> <span class='ocrx_word' id='word_1_280' title='bbox 1157 3236 1256 3287; x_wconf 81' lang='lat' dir='ltr'>inven-</span> 
     </span>
     <span class='ocr_line' id='line_1_32' title="bbox 167 3304 1256 3377; baseline -0.001 -19"><span class='ocrx_word' id='word_1_281' title='bbox 167 3313 268 3359; x_wconf 86' lang='lat' dir='ltr'>turum.</span> <span class='ocrx_word' id='word_1_282' title='bbox 306 3306 485 3360; x_wconf 90' lang='lat' dir='ltr'>Benedictum</span> <span class='ocrx_word' id='word_1_283' title='bbox 512 3308 602 3361; x_wconf 90' lang='lat' dir='ltr'>adhuc</span> <span class='ocrx_word' id='word_1_284' title='bbox 627 3315 769 3377; x_wconf 86' lang='lat' dir='ltr'>parantem</span> <span class='ocrx_word' id='word_1_285' title='bbox 797 3304 982 3358; x_wconf 78' lang='lat' dir='ltr'>contradicere</span> <span class='ocrx_word' id='word_1_286' title='bbox 1011 3313 1159 3375; x_wconf 76' lang='lat' dir='ltr'>imperator</span> <span class='ocrx_word' id='word_1_287' title='bbox 1185 3305 1256 3357; x_wconf 91' lang='lat' dir='ltr'>solio</span> 
     </span>
     <span class='ocr_line' id='line_1_33' title="bbox 169 3375 1257 3447; baseline -0.003 -18"><span class='ocrx_word' id='word_1_288' title='bbox 169 3392 316 3447; x_wconf 81' lang='lat' dir='ltr'>exsurgens</span> <span class='ocrx_word' id='word_1_289' title='bbox 344 3375 487 3443; x_wconf 87' lang='lat' dir='ltr'>cohibuit,</span> <span class='ocrx_word' id='word_1_290' title='bbox 519 3379 684 3441; x_wconf 80' lang='lat' dir='ltr'>testificans,</span> <span class='ocrx_word' id='word_1_291' title='bbox 716 3393 773 3429; x_wconf 88' lang='lat' dir='ltr'>non</span> <span class='ocrx_word' id='word_1_292' title='bbox 799 3394 829 3429; x_wconf 92' lang='lat' dir='ltr'>se</span> <span class='ocrx_word' id='word_1_293' title='bbox 854 3383 918 3428; x_wconf 87' lang='lat' dir='ltr'>ante</span> <span class='ocrx_word' id='word_1_294' title='bbox 942 3393 1020 3429; x_wconf 88' lang='lat' dir='ltr'>aures</span> <span class='ocrx_word' id='word_1_295' title='bbox 1048 3376 1091 3427; x_wconf 91' lang='lat' dir='ltr'>illi</span> <span class='ocrx_word' id='word_1_296' title='bbox 1116 3376 1257 3439; x_wconf 87' lang='lat' dir='ltr'>datorum,</span> 
     </span>
     <span class='ocr_line' id='line_1_34' title="bbox 169 3445 1259 3519; baseline -0.002 -21"><span class='ocrx_word' id='word_1_297' title='bbox 169 3464 252 3519; x_wconf 89' lang='lat' dir='ltr'>quam</span> <span class='ocrx_word' id='word_1_298' title='bbox 274 3450 473 3501; x_wconf 90' lang='lat' dir='ltr'>communicato</span> <span class='ocrx_word' id='word_1_299' title='bbox 499 3466 559 3502; x_wconf 89' lang='lat' dir='ltr'>eum</span> <span class='ocrx_word' id='word_1_300' title='bbox 584 3449 678 3501; x_wconf 89' lang='lat' dir='ltr'>amicis</span> <span class='ocrx_word' id='word_1_301' title='bbox 701 3448 813 3517; x_wconf 81' lang='lat' dir='ltr'>negotio</span> <span class='ocrx_word' id='word_1_302' title='bbox 838 3445 957 3499; x_wconf 85' lang='lat' dir='ltr'>redierit</span> <span class='ocrx_word' id='word_1_303' title='bbox 1002 3446 1048 3498; x_wconf 86' lang='lat' dir='ltr'>Sic</span> <span class='ocrx_word' id='word_1_304' title='bbox 1074 3447 1123 3498; x_wconf 92' lang='lat' dir='ltr'>illc</span> <span class='ocrx_word' id='word_1_305' title='bbox 1147 3446 1259 3499; x_wconf 88' lang='lat' dir='ltr'>domum</span> 
     </span>
     <span class='ocr_line' id='line_1_35' title="bbox 170 3515 1303 3588; baseline 0 -22"><span class='ocrx_word' id='word_1_306' title='bbox 170 3515 421 3588; x_wconf 81' lang='lat' dir='ltr'>perturbatissimur</span> <span class='ocrx_word' id='word_1_307' title='bbox 445 3518 524 3572; x_wconf 86' lang='lat' dir='ltr'>abiit</span> <span class='ocrx_word' id='word_1_308' title='bbox 562 3520 655 3572; x_wconf 85' lang='lat' dir='ltr'>Tertia</span> <span class='ocrx_word' id='word_1_309' title='bbox 682 3518 744 3572; x_wconf 90' lang='lat' dir='ltr'>luce</span> <span class='ocrx_word' id='word_1_310' title='bbox 765 3524 889 3570; x_wconf 84' lang='lat' dir='ltr'>vocatum</span> <span class='ocrx_word' id='word_1_311' title='bbox 908 3518 1054 3588; x_wconf 88' lang='lat' dir='ltr'>imperator</span> <span class='ocrx_word' id='word_1_312' title='bbox 1078 3523 1107 3568; x_wconf 90' lang='lat' dir='ltr'>et</span> <span class='ocrx_word' id='word_1_313' title='bbox 1124 3517 1261 3569; x_wconf 88' lang='lat' dir='ltr'>dictorum</span> <span class='ocrx_word' id='word_1_314' title='bbox 1298 3545 1303 3551; x_wconf 94' lang='lat'>-</span> 
     </span>
     <span class='ocr_line' id='line_1_36' title="bbox 171 3586 1260 3661; baseline 0 -24"><span class='ocrx_word' id='word_1_315' title='bbox 171 3586 329 3650; x_wconf 75' lang='lat' dir='ltr'>admonuit,</span> <span class='ocrx_word' id='word_1_316' title='bbox 352 3596 381 3640; x_wconf 88' lang='lat' dir='ltr'>et</span> <span class='ocrx_word' id='word_1_317' title='bbox 407 3589 460 3641; x_wconf 88' lang='lat' dir='ltr'>alia</span> <span class='ocrx_word' id='word_1_318' title='bbox 478 3589 612 3661; x_wconf 84' lang='lat' dir='ltr'>quaedam</span> <span class='ocrx_word' id='word_1_319' title='bbox 636 3587 758 3651; x_wconf 89' lang='lat' dir='ltr'>adiecit,</span> <span class='ocrx_word' id='word_1_320' title='bbox 785 3586 885 3660; x_wconf 88' lang='lat' dir='ltr'>quibas</span> <span class='ocrx_word' id='word_1_321' title='bbox 913 3598 941 3641; x_wconf 90' lang='lat' dir='ltr'>et</span> <span class='ocrx_word' id='word_1_322' title='bbox 968 3587 1088 3639; x_wconf 87' lang='lat' dir='ltr'>animum</span> <span class='ocrx_word' id='word_1_323' title='bbox 1102 3604 1180 3638; x_wconf 84' lang='lat' dir='ltr'>suum</span> <span class='ocrx_word' id='word_1_324' title='bbox 1198 3603 1260 3656; x_wconf 75' lang='lat' dir='ltr'>erga</span> 
     </span>
     <span class='ocr_line' id='line_1_37' title="bbox 171 3656 1258 3730; baseline 0 -21"><span class='ocrx_word' id='word_1_325' title='bbox 171 3658 263 3724; x_wconf 85' lang='lat' dir='ltr'>ipsum</span> <span class='ocrx_word' id='word_1_326' title='bbox 281 3663 310 3707; x_wconf 88' lang='lat' dir='ltr'>et</span> <span class='ocrx_word' id='word_1_327' title='bbox 332 3667 500 3730; x_wconf 87' lang='lat' dir='ltr'>quantopere</span> <span class='ocrx_word' id='word_1_328' title='bbox 527 3658 561 3714; x_wconf 90' lang='lat' dir='ltr'>de</span> <span class='ocrx_word' id='word_1_329' title='bbox 584 3657 698 3711; x_wconf 90' lang='lat' dir='ltr'>homine</span> <span class='ocrx_word' id='word_1_330' title='bbox 721 3659 793 3712; x_wconf 89' lang='lat' dir='ltr'>bene</span> <span class='ocrx_word' id='word_1_331' title='bbox 814 3657 913 3711; x_wconf 90' lang='lat' dir='ltr'>mereri</span> <span class='ocrx_word' id='word_1_332' title='bbox 943 3665 1071 3728; x_wconf 90' lang='lat' dir='ltr'>cuperet,</span> <span class='ocrx_word' id='word_1_333' title='bbox 1098 3656 1258 3710; x_wconf 76' lang='lat' dir='ltr'>declaravit:</span> 
     </span>
     <span class='ocr_line' id='line_1_38' title="bbox 172 3723 1261 3794; baseline 0.002 -17"><span class='ocrx_word' id='word_1_334' title='bbox 172 3723 351 3794; x_wconf 75' lang='lat' dir='ltr'>hortatusque</span> <span class='ocrx_word' id='word_1_335' title='bbox 371 3737 426 3792; x_wconf 80' lang='lat' dir='ltr'>ert,</span> <span class='ocrx_word' id='word_1_336' title='bbox 451 3738 482 3783; x_wconf 90' lang='lat' dir='ltr'>nt</span> <span class='ocrx_word' id='word_1_337' title='bbox 501 3730 556 3783; x_wconf 91' lang='lat' dir='ltr'>sibi</span> <span class='ocrx_word' id='word_1_338' title='bbox 574 3731 643 3782; x_wconf 90' lang='lat' dir='ltr'>utile</span> <span class='ocrx_word' id='word_1_339' title='bbox 661 3729 739 3784; x_wconf 90' lang='lat' dir='ltr'>danti</span> <span class='ocrx_word' id='word_1_340' title='bbox 765 3730 910 3781; x_wconf 80' lang='lat' dir='ltr'>coneilium</span> <span class='ocrx_word' id='word_1_341' title='bbox 927 3726 1137 3782; x_wconf 85' lang='lat' dir='ltr'>obsecundaret.</span> <span class='ocrx_word' id='word_1_342' title='bbox 1172 3728 1261 3779; x_wconf 85' lang='lat' dir='ltr'>Bane·</span> 
     </span>
     <span class='ocr_line' id='line_1_39' title="bbox 174 3794 1260 3870; baseline 0.004 -23"><span class='ocrx_word' id='word_1_343' title='bbox 174 3794 263 3847; x_wconf 81' lang='lat' dir='ltr'>dictur</span> <span class='ocrx_word' id='word_1_344' title='bbox 279 3811 294 3845; x_wconf 79' lang='lat' dir='ltr'>a</span> <span class='ocrx_word' id='word_1_345' title='bbox 310 3797 533 3863; x_wconf 72' lang='lat' dir='ltr'>pertinacia‘non</span> <span class='ocrx_word' id='word_1_346' title='bbox 551 3799 710 3865; x_wconf 84' lang='lat' dir='ltr'>discedere,</span> <span class='ocrx_word' id='word_1_347' title='bbox 730 3803 978 3870; x_wconf 85' lang='lat' dir='ltr'>imperatoremque</span> <span class='ocrx_word' id='word_1_348' title='bbox 997 3813 1124 3860; x_wconf 87' lang='lat' dir='ltr'>monere,</span> <span class='ocrx_word' id='word_1_349' title='bbox 1142 3812 1178 3851; x_wconf 87' lang='lat' dir='ltr'>ne</span> <span class='ocrx_word' id='word_1_350' title='bbox 1194 3797 1260 3851; x_wconf 83' lang='lat' dir='ltr'>dum</span> 
     </span>
     <span class='ocr_line' id='line_1_40' title="bbox 174 3863 1262 3943; baseline 0.005 -27"><span class='ocrx_word' id='word_1_351' title='bbox 174 3863 250 3916; x_wconf 86' lang='lat' dir='ltr'>aliud</span> <span class='ocrx_word' id='word_1_352' title='bbox 268 3864 381 3918; x_wconf 85' lang='lat' dir='ltr'>suadere</span> <span class='ocrx_word' id='word_1_353' title='bbox 408 3879 538 3935; x_wconf 87' lang='lat' dir='ltr'>conetur,</span> <span class='ocrx_word' id='word_1_354' title='bbox 564 3871 655 3923; x_wconf 91' lang='lat' dir='ltr'>oleum</span> <span class='ocrx_word' id='word_1_355' title='bbox 675 3880 758 3943; x_wconf 88' lang='lat' dir='ltr'>atque</span> <span class='ocrx_word' id='word_1_356' title='bbox 782 3886 893 3939; x_wconf 87' lang='lat' dir='ltr'>operam</span> <span class='ocrx_word' id='word_1_357' title='bbox 913 3867 1025 3936; x_wconf 85' lang='lat' dir='ltr'>perdat:</span> <span class='ocrx_word' id='word_1_358' title='bbox 1044 3867 1093 3918; x_wconf 89' lang='lat' dir='ltr'>sed</span> <span class='ocrx_word' id='word_1_359' title='bbox 1115 3868 1139 3918; x_wconf 92' lang='lat' dir='ltr'>sl</span> <span class='ocrx_word' id='word_1_360' title='bbox 1149 3868 1262 3937; x_wconf 89' lang='lat' dir='ltr'>quidem</span> 
     </span>
     <span class='ocr_line' id='line_1_41' title="bbox 172 3934 1262 4012; baseline 0.005 -27"><span class='ocrx_word' id='word_1_361' title='bbox 172 3934 286 4006; x_wconf 87' lang='lat' dir='ltr'>plenum</span> <span class='ocrx_word' id='word_1_362' title='bbox 306 3935 391 3988; x_wconf 88' lang='lat' dir='ltr'>totius</span> <span class='ocrx_word' id='word_1_363' title='bbox 414 3941 521 3993; x_wconf 87' lang='lat' dir='ltr'>insulae</span> <span class='ocrx_word' id='word_1_364' title='bbox 548 3942 731 4012; x_wconf 84' lang='lat' dir='ltr'>principatum</span> <span class='ocrx_word' id='word_1_365' title='bbox 751 3939 806 3991; x_wconf 89' lang='lat' dir='ltr'>sibi</span> <span class='ocrx_word' id='word_1_366' title='bbox 826 3939 887 3992; x_wconf 88' lang='lat' dir='ltr'>det:</span> <span class='ocrx_word' id='word_1_367' title='bbox 917 3937 960 3988; x_wconf 87' lang='lat' dir='ltr'>sin</span> <span class='ocrx_word' id='word_1_368' title='bbox 978 3945 1079 3999; x_wconf 88' lang='lat' dir='ltr'>autem,</span> <span class='ocrx_word' id='word_1_369' title='bbox 1096 3954 1190 4007; x_wconf 80' lang='lat' dir='ltr'>rogare</span> <span class='ocrx_word' id='word_1_370' title='bbox 1215 3955 1262 4000; x_wconf 86' lang='lat' dir='ltr'>sc,</span> 
     </span>
     <span class='ocr_line' id='line_1_42' title="bbox 172 4005 1263 4081; baseline 0.003 -24"><span class='ocrx_word' id='word_1_371' title='bbox 172 4005 297 4057; x_wconf 85' lang='lat' dir='ltr'>triremes</span> <span class='ocrx_word' id='word_1_372' title='bbox 316 4014 384 4076; x_wconf 87' lang='lat' dir='ltr'>quot</span> <span class='ocrx_word' id='word_1_373' title='bbox 401 4008 536 4080; x_wconf 80' lang='lat' dir='ltr'>indigeret</span> <span class='ocrx_word' id='word_1_374' title='bbox 548 4012 634 4074; x_wconf 88' lang='lat' dir='ltr'>daret,</span> <span class='ocrx_word' id='word_1_375' title='bbox 653 4009 754 4081; x_wconf 89' lang='lat' dir='ltr'>quibus</span> <span class='ocrx_word' id='word_1_376' title='bbox 771 4009 913 4060; x_wconf 81' lang='lat' dir='ltr'>facultates</span> <span class='ocrx_word' id='word_1_377' title='bbox 931 4023 993 4059; x_wconf 87' lang='lat' dir='ltr'>suas</span> <span class='ocrx_word' id='word_1_378' title='bbox 1011 4008 1164 4076; x_wconf 86' lang='lat' dir='ltr'>imponeret</span> <span class='ocrx_word' id='word_1_379' title='bbox 1177 4007 1263 4061; x_wconf 86' lang='lat' dir='ltr'>Gala·</span> 
     </span>
     <span class='ocr_line' id='line_1_43' title="bbox 173 4077 1264 4144; baseline 0.001 -17"><span class='ocrx_word' id='word_1_380' title='bbox 173 4083 286 4144; x_wconf 87' lang='lat' dir='ltr'>tamque</span> <span class='ocrx_word' id='word_1_381' title='bbox 305 4077 451 4130; x_wconf 76' lang='lat' dir='ltr'>traiiceret.</span> <span class='ocrx_word' id='word_1_382' title='bbox 488 4083 527 4131; x_wconf 93' lang='lat' dir='ltr'>lm</span> <span class='ocrx_word' id='word_1_383' title='bbox 549 4078 637 4134; x_wconf 80' lang='lat' dir='ltr'>orator</span> <span class='ocrx_word' id='word_1_384' title='bbox 655 4082 781 4134; x_wconf 85' lang='lat' dir='ltr'>odiosam</span> <span class='ocrx_word' id='word_1_385' title='bbox 798 4077 941 4141; x_wconf 88' lang='lat' dir='ltr'>arbitrari,</span> <span class='ocrx_word' id='word_1_386' title='bbox 964 4077 1003 4140; x_wconf 89' lang='lat' dir='ltr'>si,</span> <span class='ocrx_word' id='word_1_387' title='bbox 1027 4094 1088 4130; x_wconf 89' lang='lat' dir='ltr'>cum</span> <span class='ocrx_word' id='word_1_388' title='bbox 1107 4078 1207 4131; x_wconf 90' lang='lat' dir='ltr'>desua</span> <span class='ocrx_word' id='word_1_389' title='bbox 1233 4077 1264 4130; x_wconf 85' lang='lat' dir='ltr'>in</span> 
     </span>
     <span class='ocr_line' id='line_1_44' title="bbox 175 4099 1264 4222; baseline 0.001 -22"><span class='ocrx_word' id='word_1_390' title='bbox 175 4144 257 4200; x_wconf 87' lang='lat' dir='ltr'>illurn</span> <span class='ocrx_word' id='word_1_391' title='bbox 271 4144 453 4208; x_wconf 69' lang='lat' dir='ltr'>beneficentia</span> <span class='ocrx_word' id='word_1_392' title='bbox 464 4099 587 4208; x_wconf 74' lang='lat' dir='ltr'>nondam</span> <span class='ocrx_word' id='word_1_393' title='bbox 601 4159 739 4207; x_wconf 81' lang='lat' dir='ltr'>coartaret</span> <span class='ocrx_word' id='word_1_394' title='bbox 755 4149 855 4221; x_wconf 86' lang='lat' dir='ltr'>palam,</span> <span class='ocrx_word' id='word_1_395' title='bbox 874 4155 923 4203; x_wconf 87' lang='lat' dir='ltr'>aut</span> <span class='ocrx_word' id='word_1_396' title='bbox 938 4148 999 4222; x_wconf 86' lang='lat' dir='ltr'>ipae</span> <span class='ocrx_word' id='word_1_397' title='bbox 1016 4146 1158 4204; x_wconf 80' lang='lat' dir='ltr'>veritatem</span> <span class='ocrx_word' id='word_1_398' title='bbox 1173 4145 1264 4203; x_wconf 84' lang='lat' dir='ltr'>celare</span> 
     </span>
    </p>
   </div>
   <div class='ocr_carea' id='block_1_4' title="bbox 0 0 1541 4742">
    <p class='ocr_par' dir='ltr' id='par_1_24' title="bbox 0 0 1541 4742">
     <span class='ocr_line' id='line_1_45' title="bbox 0 0 1541 4742; baseline 0 0"><span class='ocrx_word' id='word_1_399' title='bbox 0 0 1541 4742; x_wconf 95' lang='lat' dir='ltr'> </span> 
     </span>
    </p>
   </div>
  </div>
 </body>
</html>
