3000 4742
510 284 800 351 merourunuu
829 289 869 351 11.
892 296 946 360 σο.
995 294 1002 305 ·
1187 262 1274 369 4υό

185 438 283 511 osiris
301 438 501 527 νενικήκαμεν
520 430 616 516 αὖθις
635 438 691 505 καί
708 438 790 528 πρός
808 437 865 526 τήν
884 441 1040 529 προτέραν
1060 433 1083 537 ἢ
1102 439 1159 508 καί
1174 440 1341 526 potsse.
1354 458 1420 531 stro

184 537 403 628 συνηλδσαμεν
423 532 567 625 ἆπορίαν.
589 534 672 624 όρῶν
691 540 728 605 δὲ
744 540 863 616 ἐκεῖνος
883 536 927 616 ὥς
946 539 1005 606 οδκ
1022 532 1099 605 ἄνευ
1118 542 1372 615 κινδόνωνΡ.959

183 641 203 707 ό
222 640 357 723 πόλεμος
378 638 464 727 adrui
479 635 674 723 τελευτήσει,
698 631 797 715 αδθις
816 638 1022 727 δπρεσβεόετο
1042 634 1119 721 όμῖν
1138 638 1214 728 περί
1229 644 1278 709 εί-

183 737 335 828 ρήνης,ό
363 741 445 826 μηδὲ
474 736 561 821 ἴχνος
591 739 743 825 πρότερον
770 738 961 824 ἀνεχόμενος
981 733 1087 825 αότής.
1126 736 1219 821 όμεῖς
1239 744 1277 809 δδ

162 843 240 910 Sosin
261 837 324 906 οἷδ’
343 833 412 921 ό,τι
431 835 604 918 παθόντες,
645 840 716 903 δέον
736 840 773 904 δν
791 842 857 907 τῶν
877 841 1039 927 προτέρων
1062 840 1276 923 διδαχθέντας

182 945 380 1028 σωφρονεῖν,
402 936 494 1019 δμεῖς
513 938 549 1000 δὲ
567 927 716 1001 τᾶναντία
735 939 797 1002 τῶν
816 935 950 1005 δεόντων
969 940 1124 1021 ε’ποιεῖτε,
1144 935 1201 1004 καί
1217 937 1276 1024 τήν

183 1038 287 1127 δρχήν
306 1039 495 1124 παρεδίδοτο
516 1035 605 1124 crispi
625 1035 732 1101 πᾶσαν
752 1034 808 1101 καί
825 1035 884 1124 τήν
903 1036 1073 1124 ἡγεμονίαν
1102 1040 1166 1103 τῶν
1191 1062 1277 1125 πρα-

182 1142 314 1226 γμάτων
338 1136 395 1204 καί
419 1138 553 1221 προσέτι
573 1137 721 1221 φέροντες
740 1132 827 1217 δμιῖς
847 1131 983 1221 αότοός,
1014 1139 1072 1226 (διδ
1090 1133 1152 1224 γόρ
1174 1140 1276 1222 λέγειν

184 1238 241 1305 καὶ
256 1234 344 1325 ήμοῖς
355 1233 430 1312 τοδς
449 1232 616 1320 ὑπηκόους,
634 1234 735 1300 πολλὰ
755 1238 1066 1322 δυσανασχετοδντας
1086 1238 1142 1303 καί
1158 1259 1276 1319 μονον-

146 1338 223 1403 τοοδ
249 1337 307 1423 τήν
335 1335 462 1401 οἶδικίαν
491 1333 735 1423 δδυρομένους,)
773 1327 878 1399 ἄδικοι
904 1333 961 1401 καί
986 1334 1140 1422 προδόται
1158 1333 1276 1420 σχεδόν

182 1435 258 1522 περὶ
281 1435 366 1520 ἡμᾶς
391 1434 587 1521 γεγενημένοι
594 1484 604 1516 ,
637 1431 775 1516 οἰόμενοι
800 1427 858 1498 κᾶν
892 1429 977 1499 οὕτω
1007 1437 1114 1501 πᾶσαν
1134 1436 1373 1516 πολέμουν.,οε

181 1538 344 1624 πρόφασιν
362 1532 588 1623 περιαιρήσειν
609 1528 627 1598 ό
649 1535 679 1600 δ’
699 1528 805 1622 ὥσπερ
828 1532 941 1621 στενήν
962 1524 1054 1624 adrui
1068 1536 1125 1619 τῆς
1142 1536 1199 1618 γῆς
1217 1532 1302 1620 τήνΒ

183 1634 305 1722 οἴκησιν
325 1637 528 1722 παρεχούσης
542 1636 573 1699 εἰ
593 1629 715 1719 ταύτην
730 1635 827 1720 οδκείη
838 1638 914 1717 μεθ’
930 1632 1031 1716 tuns,
1053 1625 1149 1710 αὖθις
1168 1633 1276 1698 irreti-

181 1760 284 1822 μησε,
305 1733 360 1800 καί
378 1734 485 1819 τρίτον
503 1735 604 1819 μηδὲν
624 1731 708 1817 ἔχων
728 1736 886 1816 ἐγκαλεῖν,
908 1733 1016 1798 οὐκέθ’
1036 1726 1141 1816 ὥσπερ
1161 1727 1277 1814 πρότε-

146 1843 241 1924 τ5ρον
263 1829 497 1920 ἀπαρασκεύως
528 1835 584 1898 καί
603 1834 636 1913 ἒξ
656 1832 792 1920 ἐφόδου,
814 1830 895 1899 otest
914 1830 1014 1898 πολλὰ
1033 1827 1186 1917 πρότερον
1198 1852 1276 1896 συν-

183 1936 412 2015 εσκευασμένος
441 1930 517 2019 περὶ
544 1932 603 2017 τήν
622 1927 762 2019 ἑσπέραν
768 1984 779 2014 ,
808 1935 863 1998 καί
879 1928 1032 2018 στρατιὰν
1052 1925 1219 2012 ἐπαγαγών
1237 1922 1276 2012 ή-

184 2043 242 2116 μῖν
260 2031 376 2119 πλήθει
392 2032 450 2096 osis
472 2026 577 2117 ὀλίγον
594 2030 816 2116 όπερέχουσαν
835 2028 926 2116 ἡμῶν
939 2026 997 2097 οόκ
1008 2026 1204 2112 ἕξἛλλήνων
1214 2021 1277 2107 μό-

184 2158 238 2202 νον
258 2135 323 2200 τῶν
341 2126 460 2198 adsies
477 2129 704 2198 κατοικούντων
710 2185 721 2216 ,
743 2126 823 2197 ἀλλὰ
844 2134 899 2197 καί
922 2133 987 2196 τῶν
1000 2125 1175 2214 προσοίκων
1188 2130 1272 2212 βαρ-

182 2232 292 2319 βάρων
317 2234 518 2315 συμμαχίδα
561 2230 697 2318 δρῶντες
726 2233 762 2296 δὲ
791 2234 889 2297 ταῦθ
916 2226 1029 2312 όμεΐς,
1058 2224 1202 2302 ἐλθόντες
1231 2225 1277 2301 εἰς

140 2330 370 2413 τοΒυζοὶντιον,
391 2333 517 2397 ἐδεῖσθε
533 2333 689 2415 βασιλέως
710 2327 785 2418 περί
797 2327 931 2416 εἰρήνης.
950 2326 968 2394 ό
986 2329 1018 2392 δ’
1037 2319 1130 2390 sites
1149 2314 1276 2410 ήττονή

181 2429 334 2518 πρότερον
345 2425 387 2515 ἦν
402 2431 558 2508 δδόνατος
570 2432 753 2516 πεισθῆναι,
770 2428 825 2495 καί
837 2426 891 2495 διό
901 2431 993 2496 τοῦτο
1008 2425 1187 2510 ἀναγκαίως
1196 2419 1277 2510 πρός

183 2529 239 2598 τόν
252 2528 389 2614 πόλεμον
403 2527 459 2596 καὶ
475 2530 583 2621 τρίτον
601 2524 784 2617 δχωρήσατε
803 2526 906 2615 όμεῖς.
925 2525 982 2594 καί
993 2524 1085 2614 ἡμεῖς
1105 2520 1164 2610 τήν
1177 2523 1304 2609 τόπερ-(ἱ

184 2746 259 2795 mms
286 2734 447 2804 suppliciter
467 2748 611 2812 rogantes,
638 2757 674 2794 ne
692 2758 743 2795 nos
760 2740 863 2793 mutuis
883 2737 1013 2792 caedibus
1031 2736 1147 2790 interire
1163 2739 1276 2806 pstcrs·

184 2810 237 2854 tur.
283 2802 339 2856 Sed
362 2808 385 2857 si
410 2808 586 2878 quodetiam
605 2810 803 2864 crimenrobis
822 2812 989 2873 intentaret,
1016 2808 1045 2859 in
1064 2805 1168 2858 iudicio
1188 2805 1275 2857 disso-

183 2873 299 2926 luturus.
345 2876 371 2927 Is
395 2881 562 2933 mentionem
586 2883 660 2951 pacis
685 2897 738 2933 nec
762 2880 797 2932 cd
821 2896 937 2932 summas
955 2893 1034 2931 sures
1053 2875 1174 2930 admisit.
1217 2873 1275 2925 Nos

183 2944 309 3016 undique
328 2945 535 3002 difficultatibus
555 2953 701 3015 coarctati,
725 2968 817 3004 rursus
836 2950 983 3004 discrimen
1003 2945 1126 3000 odimus:
1145 2951 1174 2996 et
1186 2943 1274 2995 nitere

183 3014 312 3085 sdyersus
330 3016 410 3068 illurn
428 3018 503 3071 bello
523 3022 622 3073 iterum
640 3018 775 3075 'vincimus
803 3029 832 3072 et
858 3018 893 3073 οδ
917 3021 1022 3090 priores
1043 3034 1122 3077 eum,
1149 3020 1199 3065 sut
1215 3029 1284 3065 ms·.

183 3086 257 3138 iores
276 3088 358 3139 etism
376 3092 513 3157 angustias
533 3086 687 3162 redigimus.
732 3092 788 3159 Qui
818 3090 922 3142 bellurn
948 3090 1015 3142 citro
1040 3101 1175 3139 summum
1197 3083 1273 3152 peri·

182 3157 275 3209 culum
292 3175 372 3209 suum
387 3156 460 3210 haud
473 3162 581 3213 finitum
603 3164 636 3214 iri
656 3161 883 3225 animadvertens,
902 3159 935 3213 de
955 3174 1021 3229 pree
1038 3173 1087 3212 ros
1104 3173 1154 3226 per
1170 3153 1274 3224 legatos

182 3228 319 3298 appellnt:
353 3245 413 3280 cum
432 3229 499 3281 olias
519 3248 554 3284 ne
572 3249 672 3285 nomen
692 3232 804 3303 quidem
824 3232 883 3283 eius
902 3230 1087 3286 sustinuisset.
1120 3223 1206 3279 vobis
1224 3243 1275 3276 sn·

181 3304 238 3352 tem
255 3298 348 3351 nescio
369 3300 436 3370 quid
454 3302 521 3354 mali
540 3303 611 3355 mals
627 3304 766 3356 obiectum
787 3310 830 3355 cst
847 3317 940 3354 manu.
983 3298 1053 3352 Num
1073 3314 1134 3349 cum
1160 3295 1275 3349 debuis-

183 3371 249 3420 setis
267 3387 300 3421 ει
319 3372 482 3439 antegressis
500 3389 609 3443 supere,
635 3374 808 3442 desipuistis:
840 3371 1043 3455 imperiumque
1070 3374 1159 3419 totum
1178 3374 1207 3418 et
1223 3360 1276 3417 ud-

184 3439 413 3493 ministrationem
440 3459 529 3494 rerum
555 3451 584 3496 et
609 3445 792 3515 vosmetipsos
811 3443 925 3512 insuper
944 3442 970 3493 ei
991 3458 1021 3492 sn
1041 3455 1135 3491 manns
1155 3435 1274 3489 tradidi·

185 3509 249 3569 stis,
272 3510 384 3581 (omitto
402 3511 476 3563 enim
494 3513 600 3579 dicere,
631 3524 660 3567 et
677 3531 726 3567 nos
754 3511 896 3576 subditos,
925 3527 1004 3582 segre
1029 3507 1174 3563 admodum
1201 3507 1274 3558 istuc

183 3578 319 3645 patientes
338 3590 366 3631 et
383 3583 512 3637 iniuriam
530 3593 636 3638 tuntum
654 3601 711 3638 nun
729 3583 946 3654 lamentantes)
963 3582 1059 3635 iniusti
1079 3587 1107 3632 et
1124 3593 1272 3647 propemo-

185 3646 250 3699 dum
270 3647 422 3717 proditores
439 3656 525 3707 nostri
545 3658 650 3720 effecti,
675 3657 740 3709 dum
766 3655 860 3706 saltem
878 3655 931 3706 ists
949 3654 993 3707 ris
1011 3667 1119 3705 omnem
1137 3664 1184 3699 vos
1202 3645 1273 3698 belli

185 3718 355 3770 occasionem
371 3732 556 3791 amputaturos
574 3727 693 3781 creditis.
729 3726 765 3778 At
784 3726 832 3777 itte
850 3723 965 3794 perinde
985 3739 1016 3775 sc
1034 3722 1057 3773 si
1076 3718 1157 3773 tellus
1172 3716 1198 3768 ci
1215 3734 1271 3769 non

185 3788 335 3849 sufficeret,
368 3793 390 3842 si
418 3791 489 3848 hsnc
515 3796 655 3850 vobiscum
680 3798 836 3859 habitaret,
865 3795 899 3849 de
929 3796 1034 3865 integro
1058 3808 1088 3842 cc
1105 3787 1215 3840 tertium
1236 3784 1271 3839 ud

184 3875 257 3912 ⁸¹¹³&
281 3858 373 3922 mii,
400 3877 459 3914 cum
485 3867 557 3919 nihil
582 3876 654 3921 esset
680 3866 756 3940 quod
782 3868 843 3919 loco
868 3866 991 3918 criminis
1010 3861 1168 3914 obiectcrct.
1214 3857 1272 3910 Nec

184 3930 239 3981 iarn
267 3930 417 3999 impuratus
444 3943 472 3985 et
494 3938 571 3989 velut
597 3956 631 3990 ex
658 3941 758 3991 itinere
783 3943 816 3988 ut
840 3937 922 3999 alins,
950 3932 999 3986 sed
1024 3931 1111 3984 multu
1128 3938 1208 3982 antes
1226 3929 1272 3981 in·

185 4005 302 4052 structus
322 4001 351 4051 in
369 4001 528 4072 occidente,
557 4011 762 4080 exercitumque
786 4014 880 4059 contre
903 4021 953 4057 nos
970 4020 1027 4056 non
1045 4017 1079 4053 ex
1098 3999 1206 4053 Graecis
1224 4015 1271 4051 so·

185 4068 242 4124 lum
259 4070 535 4138 interuenientibus,
565 4078 614 4130 sed
639 4096 672 4132 ex
696 4079 796 4132 ricinis
813 4091 924 4149 qnoque
944 4072 1069 4128 barbaris
1087 4070 1272 4130 suxiliarium,

184 4149 279 4194 nostru
297 4157 353 4195 non
371 4144 452 4211 poulo
470 4150 682 4206 numerosiorem
700 4149 825 4206 adduxit.
861 4147 924 4217 Quo
941 4150 1094 4215 comperto,
1111 4139 1271 4209 Byzantium

184 4210 321 4284 Ρῑῡῑθθῑίι
349 4227 456 4287 ΡΜ,
472 4219 631 4289 rogavistis,
659 4237 721 4276 cum
744 4218 884 4293 postulato
910 4230 998 4291 seque
1022 4221 1054 4269 ot
1078 4218 1142 4268 sntc
1169 4211 1271 4266 reieots
