3000 4742
462 333 464 338 ,
561 263 845 332 maruntium«
874 270 977 340 aaa
1116 323 1122 336 ,
1208 235 1289 352 ¹59

134 399 137 404 ι
203 424 269 511 yolo
285 420 397 488 ἔαυτόν
416 415 577 509 δγχειρδση
596 420 642 508 τῷ
658 420 863 504 πολεμοόντι,
894 421 1000 485 πάσαν
1014 421 1177 508 πρόφασιν
1196 381 1434 486 nou-&ditas

201 549 269 608 μου
280 526 446 609 περιεῖλεν.
477 515 540 583 εἴτε
558 516 619 603 γάρ
639 510 716 607 ᾤετο
731 515 920 601 άδικεῖσθαι,
947 518 1003 585 τόν
1018 517 1186 585 άδικοόντα
1206 519 1289 603 ἔχων

170 601 175 614 ’
202 620 375 710 ἡσυχάσει,
396 617 461 685 εἴτε
475 618 689 704 προάθυμεῑλο
707 623 910 700 πλεονεκτεῖν,
929 618 1024 683 πλέον
1040 615 1122 700 ἔχων
1134 608 1172 682 οἷν
1191 642 1289 704 προσ-

202 722 332 805 εδόκησε
342 771 353 802 ,
382 720 438 784 καῖ
455 711 539 782 οότω
556 715 713 782 παόαεται
728 718 789 780 τοῦ
805 723 965 800 πολεμεῖν.
996 713 1046 781 διδ
1067 716 1189 781 δεῖκαὶ
1203 718 1289 802 η’μάς

125 895 129 904 ρ
183 821 336 904 5βεβαιάς
355 818 483 905 εἰρήνης
502 817 753 898 ἐπιθυμοῦντας,
790 817 855 905 θεῷ
875 838 908 881 τε
931 813 1156 904 θαρρήσαντας
1176 814 1232 878 καί
1250 817 1290 901 τῇ

6 935 18 966 s
200 926 341 1008 σφετέρᾳ
364 916 471 982 αότάν
488 917 601 1003 πράξει
616 914 661 992 ὥς
685 908 803 1002 άγαθῇ,
824 916 929 980 πᾶσαν
950 913 1008 1000 τήν
1029 908 1133 1000 άρχην
1149 912 1240 999 ἡμῶν
1256 935 1292 977 τε

199 1013 306 1084 aizos
325 1016 380 1082 xci
401 1014 521 1081 πόλεων
549 1013 605 1080 καί
619 1014 784 1102 προσόδων
804 1013 979 1101 ἐγχειρίσαι
997 1016 1198 1103 τῷβασιλεῖ·
1232 1008 1287 1077 υό-

199 1145 245 1185 τω
264 1120 300 1182 δὲ
314 1116 500 1204 πράξαντες,
534 1118 640 1181 πάσαν
654 1114 814 1201 πρόφασιν
829 1117 892 1180 τῶν
908 1115 1114 1201 συκοφαντῶν
1135 1114 1310 1197 διαβολῆςΒ

201 1220 421 1306 περιελοῦμεν·
449 1216 576 1283 ἐκείνων
603 1217 638 1280 δὲ
660 1216 869 1295 πεπαυμένων
893 1221 1093 1299 κακουργεῖν,
1124 1206 1216 1276 οόδὲν
1237 1211 1285 1277 ἔτι

159 1316 348 1399 Ιοέμποδοόν
363 1313 452 1381 ἔσται
471 1312 606 1398 βαθείας
631 1312 806 1378 ἀπολαύειν
825 1311 944 1389 πάντας
961 1309 1093 1398 εἰρήνης.
1133 1312 1165 1377 εἰ
1179 1302 1285 1377 δἀά-

201 1420 256 1493 θις
267 1415 454 1502 χωρησομεν
469 1416 513 1491 εἷς
527 1409 716 1501 μερὶσμοός,
738 1414 936 1499 πρῶτονμὲν
952 1405 1028 1475 aiei
1041 1413 1156 1491 τοῦτο,
1173 1410 1208 1476 τό
1225 1413 1284 1475 δυ-

55 1523 60 1530 ’
168 1547 175 1558 ·
198 1518 251 1582 ola
265 1513 349 1583 ἔτεσι
364 1514 421 1582 και*
441 1512 589 1599 ἑξήκοντα
613 1510 692 1596 όμοό
707 1511 835 1606 πάντων
852 1504 992 1599 άρχοντα
1013 1506 1126 1594 αδτόν,
1154 1513 1212 1576 νόν
1227 1511 1283 1596 τῆς

199 1613 278 1680 κατά
304 1617 431 1680 πάντων
454 1614 598 1690 ἐξουσίας
620 1607 882 1698 άποστερεῖσθαι,
913 1607 1023 1675 ἱκανόν
1044 1607 1123 1696 πρός
1140 1606 1283 1694 ταραχήν

196 1716 252 1778 καῖ
261 1712 398 1779 δυνατόν
416 1719 482 1787 τοῖς
498 1708 710 1797 συκοφάνταις
725 1719 832 1775 πεῖσαι
851 1711 1019 1797 προσέχειν
1036 1706 1081 1785 ὥς
1099 1703 1283 1790 ἕπιβουλεό-

154 1810 263 1876 ιόεται
277 1819 354 1894 παρ’
368 1809 460 1895 ἡμῶν
476 1811 780 1890 καταψευδομένας.
813 1807 922 1874 ἔπειτα
946 1810 982 1874 δὲ
1008 1806 1064 1871 καί
1076 1805 1199 1894 τρόποις
1211 1799 1280 1869 αδ-

193 1918 278 1990 τοῖς,
309 1905 384 1973 ὥστ’
399 1905 484 1990 ἔχειν
500 1905 630 1992 ῥάπτειν
642 1905 697 1983 τὰς
717 1905 880 1990 διαβολάς,
906 1903 983 1993 όλην
1002 1900 1043 1972 dr
1061 1907 1279 1993 παράσχωμεν
1288 1917 1364 1977 mo

192 2005 326 2091 πολλήν·
346 2008 485 2089 ἐχόντων
503 2007 538 2068 δὲ
557 2007 681 2071 ἐκείνων
700 2006 835 2087 δύναμιν
850 2016 1048 2092 κακουργεῖν,
1069 2001 1128 2071 οόκ
1150 2006 1184 2071 ε’ν
1200 2012 1305 2075 πολ-0

192 2105 240 2193 trgi
253 2103 360 2194 χρόνῳ
379 2103 688 2188 α’ναγκασθησόμεθα
707 2098 802 2183 αὖθις
824 2111 986 2187 πολεμεῖν.
1014 2104 1071 2172 otiu
1087 2105 1282 2196 ἧρεμησουσι

192 2200 266 2287 γάρ,
299 2196 394 2289 άχρις
413 2197 454 2268 siu
481 2206 637 2279 ποικιλαις
657 2201 712 2268 καῖ
736 2209 865 2280 πολλαῖς
892 2208 1055 2287 διαβολαῖς
1084 2204 1281 2290 ἕξορμήσωσι

153 2299 270 2389 ποπρός
296 2300 430 2385 πόλεμον
454 2300 510 2367 τόν
533 2303 683 2385 βασιλέα.
703 2300 749 2387 μη
776 2300 966 2389 θαυμάσητε
991 2305 1036 2386 δὲ,
1059 2304 1090 2369 al
1109 2299 1196 2390 nupsi
1216 2304 1280 2371 τάν

193 2403 423 2485 νεωτεροποιεῖν
435 2401 556 2467 τούτων
570 2405 625 2466 καί
640 2400 774 2488 φθόρων
794 2400 1046 2487 ἐξαπατήσεσθαι
1074 2401 1129 2470 τόν
1145 2405 1279 2487 βασιλέα

193 2498 308 2582 λέγων,
344 2497 486 2583 ἐμαυτόν
511 2502 626 2585 ἐξαίρω
649 2503 708 2565 τοῦ
725 2498 820 2584 λόγου
837 2497 881 2577 εός
897 2499 944 2587 μη
966 2500 1006 2566 τό
1024 2500 1080 2568 ἴσα
1106 2500 1279 2584 δυνάμενον

192 2601 318 2680 παθεῖν,
340 2599 457 2685 (καίτοι
474 2604 510 2684 γε’
522 2596 620 2676 οὕτως
639 2595 703 2684 ἔχω
717 2603 919 2686 παρασκευῆς
930 2598 986 2666 καί
997 2600 1131 2688 γνώμης,
1151 2601 1195 2677 ὥς
1208 2601 1280 2668 οὐδ’

192 2753 335 2803 lacessant.
376 2751 458 2823 Quod
481 2752 504 2803 si
529 2754 590 2836 quis
616 2751 719 2836 bellum
744 2717 864 2804 moventi
892 2769 921 2805 ac
946 2754 1019 2807 ultro
1045 2743 1204 2819 tradiderit,
1221 2757 1277 2812 ium

191 2822 298 2874 beilum
316 2838 394 2873 omne
414 2824 562 2877 sustulerit.
580 2823 643 2874 Sive
662 2839 733 2876 euim
745 2824 795 2877 ille
812 2841 841 2875 se
859 2824 932 2875 laedi
950 2826 1110 2892 arbitratur,
1124 2827 1278 2880 laedentem

190 2891 298 2945 liabens
317 2894 346 2944 in
364 2900 516 2960 potestate,
534 2893 668 2965 quiescit3
687 2894 744 2946 sive
761 2894 801 2945 rei
820 2893 959 2961 angendae
976 2896 1113 2957 studebat,
1131 2897 1192 2966 plus
1211 2898 1278 2949 ade·

190 2971 254 3033 ptus
274 2979 355 3033 quiam
374 2963 517 3032 sperabat,
545 2964 627 3015 etiam
644 2964 684 3014 sic
701 2980 774 3014 arma
799 2962 834 3014 dc
855 2970 928 3015 onst.
973 2964 1067 3033 Quare
1091 2973 1119 3017 ct
1140 2984 1190 3017 noa
1208 2982 1277 3034 opus

190 3042 241 3095 est,
260 3033 308 3104 qui
327 3050 420 3102 pacem
440 3033 623 3085 inconcussam
643 3035 806 3102 expetimus,
850 3048 883 3084 co
902 3040 931 3085 et
949 3035 1081 3103 aequitati
1095 3049 1189 3086 causae
1206 3035 1278 3086 iuui-

190 3110 288 3165 teutes‚
308 3119 390 3155 omne
409 3105 552 3172 imperium
571 3111 600 3155 et
616 3103 646 3154 in
666 3120 715 3154 nos
737 3105 812 3173 ipsos
831 3111 859 3156 et
876 3103 906 3154 in
929 3102 1011 3154 urbes
1035 3111 1064 3155 et
1081 3104 1277 3174 in‘vectigalia

191 3188 239 3225 avo
258 3173 447 3226 transcribere.
492 3174 521 3224 Si
545 3176 584 3225 ita
602 3174 764 3232 fecerimus.
785 3172 1005 3225 criminatoribus
1030 3189 1059 3226 os
1082 3175 1274 3241 obturabitur3

191 3244 290 3314 quibus
311 3244 420 3296 malitia
439 3242 690 3313 supersedentibus,
709 3241 781 3295 nihil
799 3241 942 3312 impediet,
961 3242 1029 3314 quin
1043 3261 1135 3298 omnes
1151 3245 1276 3297 firmissi-

189 3331 233 3365 ma
251 3332 318 3384 pace
337 3316 517 3385 perfruamur.
553 3314 602 3367 Sin
621 3330 711 3364 rursus
731 3313 766 3365 ad
785 3311 957 3382 partiendum
976 3315 1118 3384 imperium
1134 3316 1275 3387 aggredie-

190 3401 257 3446 mur,
275 3386 392 3453 primum
411 3385 482 3436 istuc
500 3384 601 3454 ipsum,
621 3382 685 3434 totis
705 3383 812 3436 duobus
830 3391 858 3434 et
884 3385 1022 3452 sexaginta
1041 3387 1120 3438 annis
1139 3404 1202 3439 eum
1220 3389 1275 3439 im·

187 3455 319 3524 peritasse
335 3454 482 3518 omnihus,
509 3461 537 3506 et
554 3471 627 3505 nunc
653 3454 762 3520 imperii
785 3452 865 3506 huius
894 3453 1113 3532 imminutionem
1137 3458 1212 3527 pati,
1239 3455 1275 3509 ad

187 3525 337 3576 tumultum
354 3525 451 3578 sufficit
468 3532 496 3576 et
508 3541 596 3586 avum,
613 3530 645 3575 ut
664 3522 893 3576 obtrectatoribus
911 3541 961 3577 nos
975 3525 1029 3576 sibi
1043 3527 1156 3580 insidias
1171 3537 1275 3581 struere

186 3594 385 3647 mentientibus
402 3593 503 3658 credat,
530 3594 671 3663 impellere
689 3601 789 3662 potest.
825 3593 932 3646 Deinde
959 3596 1002 3647 bis
1028 3596 1094 3665 ipsis
1115 3596 1274 3651 bominibus

186 3662 220 3716 ad
237 3664 406 3718 consuendaa
421 3664 611 3733 sycophantias
631 3680 721 3715 ansam
737 3664 852 3716 multam
869 3665 1081 3733 praebebimus:
1108 3671 1154 3740 qui
1180 3670 1204 3721 si
1222 3685 1272 3721 ne·

185 3735 291 3806 quitiae
311 3735 479 3788 exercendae
497 3735 656 3786 laerrltatem
672 3736 747 3786 nacti
766 3735 886 3794 inerint,
909 3753 966 3789 non
987 3737 1103 3788 multum
1121 3738 1274 3792 intercedet

184 3806 328 3873 temporis,
346 3823 406 3858 cum
426 3822 500 3858 arma
518 3813 642 3874 repetere
660 3821 804 3874 cogemur:
821 3805 925 3857 nullam
946 3808 1049 3877 quippe
1070 3816 1175 3876 partem
1193 3811 1273 3879 quie

183 3874 222 3926 tis
241 3876 364 3942 capient,
389 3876 476 3928 donec
493 3874 618 3942 pluribus
636 3882 665 3925 et
681 3875 762 3926 variis
781 3874 1018 3928 criminationibus
1036 3879 1191 3945 imperatori
1209 3879 1272 3931 bel-

184 3943 244 3994 lum
261 3946 453 4011 persuaserint.
490 3944 532 3996 Ne
550 3951 641 3996 autem
659 3945 811 4007 miremini,
829 3946 850 3997 si
869 3962 930 3998 cum
949 3946 1061 3999 abistis
1080 3965 1168 3999 rerum
1187 3966 1272 4002 nova·

185 4030 248 4064 rum
264 4016 372 4084 cupidis
391 4032 422 4068 ac
440 4015 578 4085 pestiferis
596 4013 755 4067 hominibus
782 4030 860 4066 avum
882 4016 911 4069 in
930 4016 1051 4069 fraudem
1070 4017 1211 4071 inductum
1235 4021 1271 4072 iri

184 4081 292 4145 dicam,
312 4100 355 4136 me
380 4084 445 4138 hinc
470 4086 577 4148 eximo,
602 4084 681 4153 qnasi
707 4102 764 4137 uon
791 4083 866 4137 idem
892 4085 960 4137 mihi
988 4095 1072 4158 queat
1097 4091 1270 4161 contingere,

183 4150 308 4224 (unctu
327 4155 367 4207 ita
383 4164 492 4224 paratus
521 4163 551 4209 et
569 4155 705 4208 animatus
731 4158 808 4219 suni,
828 4163 861 4208 ut
883 4154 992 4227 siquid
1014 4157 1137 4225 ueniat,
1153 4176 1189 4213 ne
1206 4174 1269 4216 τετε
