3000 4742
297 274 374 328 110
695 270 973 338 cumcuma

140 422 338 507 'Ammonioi
353 418 553 506 τὸνβασιλέα
570 418 627 486 καί
642 420 769 488 πάππον
788 425 888 500 κακῶς
906 426 1020 489 παθεῖν
1037 423 1159 489 οἴκοθεν
1175 422 1368 514 οόρμημένος,

221 556 227 567 ·
265 518 370 606 Βπρός
383 522 442 604 μέν
454 519 512 606 τήν
526 519 692 606 πρεσβείαν
706 524 894 606 ποιουμένην
913 520 1027 606 μηδενί
1038 520 1231 609 καταδήλους
1246 527 1368 592 ἐκέλευε

290 629 392 685 ποιεῖν
414 615 491 694 τοάς
506 615 593 701 παρά
608 619 762 700 βασιλέως
777 615 906 702 λόγους,
928 615 978 685 ὅτι
999 616 1044 705 μή
1059 619 1146 707 μόνῳ
1172 623 1218 709 τῷ
1244 621 1368 713 μεγάλφ

291 719 472 806 δομεστίκφ,
493 711 590 793 αότός
609 719 639 782 δ’
655 716 697 795 ὥς
714 711 756 783 άν
774 717 876 803 οἴηται
892 720 1065 805 συμφέρειν
1082 717 1274 806 οἰκονομήσει
1293 721 1370 798 τοός

290 814 411 899 λόγους.
451 815 618 901 έκκλησιαν
638 817 673 881 δὲ
693 817 843 892 κελεύσας
860 820 1025 901 γενέσθαι,
1072 819 1128 883 καί
1153 820 1215 883 τῶν
1235 823 1269 884 έν
1289 823 1391 887 τέλειὸ

212 1011 217 1018 ι
290 913 415 980 πάντων
443 916 499 979 καί
524 910 589 980 τάν
612 914 751 998 λογάδων
779 918 835 1000 τῆς
861 918 1011 1001 στρατιάς
1045 919 1090 991 εἰς
1124 919 1158 982 ἓν
1189 923 1371 1001 γενομένων,

290 1010 459 1099 παρελθών
492 1016 537 1089 εἰς
563 1016 697 1097 μέσους,
728 1010 811 1092 ἔλεξε
830 1014 947 1079 τοιάδε·
976 1014 1112 1095 ,,οάδε’να
1139 1016 1230 1098 ὑμῶν
1265 1017 1370 1098 οἴομαι

293 1107 417 1197 άγνοεῖν
436 1111 488 1194 ὥς,
518 1115 673 1199 διαφορᾶς
692 1112 766 1194 έμοί
782 1109 860 1200 πρός
878 1111 932 1178 τόν
951 1115 1083 1196 βασιλέα
1103 1116 1158 1180 καί
1174 1114 1302 1182 πάππον
1319 1142 1372 1199 γε-
1401 1143 1403 1147 ·

292 1212 474 1296 γενημένης,
518 1208 617 1275 πολλά
646 1208 686 1275 τά
712 1212 772 1292 μὲν
792 1209 957 1296 ε’πράχθη,
989 1209 1029 1278 τά
1057 1211 1168 1277 δὲκαὶ
1195 1215 1230 1278 έν
1257 1216 1370 1303 μελέτη

294 1309 342 1375 ἔτι
369 1303 467 1394 ἦσαν,
496 1310 553 1392 ἐμὲ
572 1307 652 1394 πρός
671 1307 804 1394 ἔσχατον
824 1311 970 1375 κινδύνου
991 1314 1197 1378 καθιστάντα.
1225 1315 1268 1377 δι’
1288 1310 1412 1399 άπεριο

294 1405 391 1484 αάτός
416 1430 457 1489 τε-
486 1408 622 1492 ἀπέστην
649 1401 687 1471 οά
718 1413 837 1492 μᾶλλον
870 1411 929 1473 τοῦ
954 1412 1107 1492 βασιλέως
1131 1405 1154 1493 ή
1179 1413 1236 1476 τοῦ
1264 1412 1370 1476 κινδό·

293 1531 365 1590 νου,
394 1504 451 1571 καὶ
473 1505 565 1588 άμεῖς
593 1508 728 1593 πάρεστε
759 1503 968 1593 βοηθήσοντες
995 1502 1199 1597 άδικουμένφ.
1236 1509 1307 1575 νυνί
1335 1511 1371 1575 δὲ

264 1608 371 1688 θέμοί
384 1627 417 1670 τε
444 1601 595 1690 παρόντος
614 1600 634 1668 ό
652 1604 836 1691 προύθέμην
862 1609 896 1684 έξ
916 1607 1019 1691 άρχής
1038 1605 1093 1670 καί
1110 1605 1196 1688 ὑμῖν,
1216 1612 1271 1691 τής
1294 1615 1371 1695 βοη-

292 1702 383 1778 θείας
403 1699 513 1777 όποίας
531 1703 630 1789 δχρῆν
647 1705 857 1788 γεγενημένης,
877 1696 916 1768 oie
936 1727 967 1766 τι
987 1705 1158 1789 περαιτέρω
1178 1702 1297 1771 τοάτιον
1317 1709 1372 1792 ζη-

291 1804 403 1884 τοῖμεν,
423 1803 496 1883 έμοι·
508 1803 569 1882 μέν
588 1796 624 1864 τό
640 1800 769 1881 ἀδικεῖν,
787 1797 823 1866 τό
842 1800 1002 1866 ἀδικοῦντι
1019 1802 1055 1866 δὲ
1070 1800 1282 1887 συμπράττειν
1298 1799 1414 1885 όμῖνιὸ

293 1893 334 1965 άν
352 1897 527 1986 περισταίη·
546 1892 729 1985 προύθέμην
743 1902 779 1964 δὲ
798 1893 957 1985 έξάρχῆς,
978 1891 1044 1964 οὔτ’
1060 1902 1095 1965 έν
1112 1899 1260 1981 πολεμίου
1276 1904 1380 1991 μοίρᾳΙ

211 2044 215 2051 -
292 1996 349 2064 τόν
363 2000 484 2084 πατέρα
505 1995 743 2082 κατασφάττειν,
764 1990 804 2063 άν
823 2021 881 2082 περ
902 2000 965 2084 ἔξῇ,
986 1989 1057 2062 οὔτε
1076 1993 1135 2080 τήν
1151 1991 1254 2088 άρχήν
1273 1993 1375 2084 άφαι-

294 2101 430 2183 ρεῖσθαι,
451 2096 520 2161 ἀλλ’
534 2096 670 2178 έμαυτόν
690 2094 884 2175 διασάζοντα
901 2099 957 2161 τοῦ
975 2091 1130 2177 κινδόνοιι,
1148 2096 1249 2179 μηδὲν
1267 2097 1373 2186 έκείνιρ

181 2270 183 2279 ,
217 2196 348 2281 ῖάητής
368 2190 469 2281 άρχής
488 2196 577 2260 ἕνεκα
595 2202 808 2280 παρενοχλεῖν.
849 2192 886 2259 τό
906 2195 967 2275 μέν
988 2186 1046 2259 οόν
1065 2189 1120 2257 τόν
1140 2194 1282 2259 κίνδυνον
1302 2195 1374 2259 δια·

292 2301 405 2380 φυγεῖν
424 2290 501 2370 θεός
521 2288 615 2370 αὐτὸς
632 2294 847 2379 συναράμενος
866 2296 1022 2378 παρέσχε,
1051 2289 1158 2376 τήνδ’
1177 2292 1223 2367 εἰς
1244 2290 1279 2356 τό
1300 2288 1413 2377 έξήςαο

292 2386 468 2477 ἀσφάλειαν
487 2389 544 2456 καί
561 2390 701 2477 εἰρήνην,
720 2391 876 2474 βασιλέως
895 2390 1130 2477 παρεχομένου,
1157 2387 1372 2472 άπεοισάμεθα

293 2488 386 2554 αὐτοὶ
410 2493 526 2564 κακῶς.
560 2493 723 2574 μέμνησθε
747 2489 808 2575 γάρ
840 2490 939 2575 δήπου
967 2485 1011 2565 οἷς
1035 2489 1071 2553 έν
1100 2486 1273 2571 Ἀδριανοῦ
1299 2488 1373 2565 τοάς

263 2587 445 2665 Βέλθόντας
464 2588 499 2651 έκ
518 2590 672 2671 βασιλέως
693 2591 747 2654 ine*
766 2591 805 2676 τῇ
825 2584 936 2676 εἰρήνη
951 2588 1116 2673 πρέσβεις,
1149 2586 1374 2663 στασιάσαντες

360 2730 491 2815 ήΜιλίιιι
509 2726 718 2813 οἰκονομήσειν.
802 2727 851 2787 ιδ.
867 2726 1005 2800 παρόντες
1023 2727 1050 2780 Ρ.
1069 2732 1097 2778 ct
1128 2731 1191 2794 poet
1209 2722 1281 2794 δμῐν
1296 2719 1372 2773 nulla

362 2807 558 2870 interpunctio.

290 2928 447 2979 noceretur,
466 2918 555 2989 legato
568 2914 727 3038 praecepit.
747 2929 782 2966 ne
802 2929 862 2965 enm
885 2928 1037 2984 quoquam,
1055 2925 1149 2979 magno
1166 2906 1306 2960 dumtaxat
1319 2903 1370 2956 do·

289 2992 401 3043 meatico
418 2998 545 3059 excepto,
580 2986 730 3055 egationern
743 2985 968 3036 communicaret:
994 2997 1023 3032 ιε
1035 2980 1065 3032 in
1079 2996 1111 3030 ea
1122 2975 1239 3030 curanda
1263 2974 1371 3027 utitita-

290 3062 327 3113 tit
345 3060 479 3112 rationem
493 3058 658 3110 habitarum.
694 3055 791 3107 Edicto
809 3054 891 3123 igitur
912 3058 1064 3109 conventa,
1090 3049 1200 3118 iamque
1214 3048 1244 3097 in
1262 3052 1371 3097 coetum

292 3132 392 3182 coacciz
411 3137 440 3181 et
453 3128 616 3196 primoribnr
636 3133 664 3177 et
684 3125 749 3177 flore
770 3125 919 3184 exercituo,
944 3122 973 3171 in
990 3118 1110 3171 medium
1127 3132 1289 3187 progressus,
1307 3114 1371 3165 tali·

291 3199 343 3250 boa
360 3215 405 3250 eor
424 3198 505 3250 dictio
521 3199 596 3249 affari
611 3212 721 3248 exorrui
743 3202 800 3245 eat:
828 3192 988 3251 „Neminem
1006 3198 1124 3241 vestrum
1139 3187 1242 3238 neaeirc
1264 3186 1371 3252 opinor,

293 3285 347 3338 quo
365 3274 454 3335 pacto,
469 3268 541 3320 inter
558 3283 602 3318 me
620 3280 751 3336 avumque
775 3279 863 3314 menrn
883 3268 947 3314 nato
964 3258 1088 3321 dissidio,
1107 3256 1194 3307 muita
1211 3255 1309 3324 partim
1328 3254 1372 3305 so·

293 3340 330 3389 ria
347 3337 593 3398 committerentur,
619 3335 717 3405 partim
743 3332 833 3384 adhuc
853 3333 943 3384 animo
964 3331 1068 3381 incluta
1088 3329 1272 3396 agitarentur,
1302 3339 1372 3394 quae

292 3424 337 3459 me
358 3410 387 3458 in
408 3414 552 3458 extremam
577 3405 713 3456 miceriam
736 3404 954 3472 praecipitarent
991 3398 1127 3469 Quocirca
1146 3412 1203 3448 non
1228 3394 1311 3463 magis
1337 3392 1371 3444 ab

293 3492 357 3540 avo,
385 3491 468 3547 quam
484 3494 500 3528 a
514 3474 702 3546 praetentibua
721 3489 764 3524 me
778 3472 907 3541 perieulis
924 3471 1046 3536 reinnxi3
1072 3474 1102 3521 et
1119 3483 1165 3519 voa
1186 3464 1372 3525 confluxistis,

292 3554 326 3598 ut
344 3545 502 3598 iniuriosius
522 3551 635 3598 mactato
651 3543 832 3612 opitulemini.
867 3540 950 3592 Modo
967 3548 1078 3602 eutem,
1106 3533 1329 3606 quandoquidem
1344 3539 1373 3584 ct

293 3633 343 3686 ego
360 3622 496 3667 assecutas
509 3631 583 3677 cnm,
613 3613 686 3683 qnod
702 3611 736 3663 ab
756 3611 836 3663 initio
851 3610 999 3670 constitui,
1025 3617 1053 3661 et
1069 3624 1132 3668 voa,
1151 3622 1210 3656 cum
1224 3603 1373 3664 auxilium,

294 3686 368 3758 quali
379 3703 447 3755 opus
464 3694 535 3748 erat,
553 3683 688 3736 tuleritis:
716 3682 738 3732 ai
756 3680 823 3749 quid
837 3681 908 3732 ultra
924 3677 1123 3738 desideramm,
1141 3674 1171 3727 id
1190 3676 1259 3735 erit,
1276 3678 1308 3722 ut
1323 3688 1372 3741 ego

294 3772 424 3825 reponam
443 3756 572 3817 iniuriae,
601 3770 648 3806 τοι
667 3758 843 3820 reponentem
862 3749 1013 3801 adiuvantia·
1050 3746 1103 3800 Sed
1123 3744 1253 3797 constitui
1274 3740 1338 3793 inde
1358 3757 1373 3791 a

293 3827 428 3896 principio
453 3841 532 3877 avum
556 3839 608 3875 nec
625 3821 680 3872 vita
701 3836 814 3882 exuere,
841 3821 949 3871 etiarnsi
965 3820 1075 3880 liceret,
1102 3833 1154 3868 nec
1170 3812 1286 3933 imperio
1304 3812 1372 3862 mul·

294 3904 369 3948 tare:
396 3912 489 3949 verum
514 3901 613 3946 memet
634 3906 791 3943 conservare
815 3891 824 3942 i
844 3891 922 3959 sique
942 3888 976 3941 de
992 3888 1145 3957 principatu
1163 3884 1268 3935 nutum
1286 3897 1372 3950 nego-

294 3965 363 4017 tium
380 3965 517 4018 soceroerc.
553 3961 722 4024 Periculum,
748 3961 806 4012 Deo
825 3907 898 4012 Kenc
921 3959 1057 4029 propitio,
1080 3957 1170 4008 erari:
1199 3953 1372 4004 securitatem

295 4043 386 4087 autem
406 4042 434 4089 et
451 4052 543 4105 pacem
560 4034 590 4085 in
607 4033 745 4093 sanarum,
773 4030 808 4082 ab
833 4032 995 4100 imperatore
1014 4028 1149 4090 oblatam,
1178 4022 1248 4074 male
1269 4020 1373 4089 repuli·

295 4122 362 4157 mua.
399 4105 510 4158 Tenetis
531 4105 603 4157 enirn
626 4103 768 4162 memoria,
795 4097 929 4171 quomodo
946 4096 1124 4166 Adrianopoli
1148 4095 1250 4163 legator
1278 4090 1313 4142 ab
1340 4105 1372 4141 eo

296 4174 331 4231 de
349 4176 545 4248 competitione
561 4174 671 4239 ιιιλιιοι,
693 4170 830 4227 reditione
845 4170 994 4234 concitata,
1020 4166 1101 4221 rebnr
1118 4161 1306 4239 imperiectio,
1323 4174 1373 4214 ae·

585 4255 596 4278 0
