3000 4742
268 229 317 315 18
570 284 573 295 ·
612 318 615 325 ,
663 246 945 315 ολπτλουποαι

118 409 255 468 aereae
266 410 414 497 πρότερον
439 407 535 472 aanor
556 406 711 470 ἐκθέσθαι
735 408 794 469 τοῦ
822 399 930 491 όρκοα·
953 405 1048 469 τοῦτο
1078 405 1117 491 δι’)
1143 408 1219 490 παρ’
1244 399 1350 472 αότῶν

261 507 418 595 γνωρίσας
440 505 457 573 ό
480 504 604 579 πάππος
637 502 693 568 καί
721 502 888 586 βασιλεὺς,
911 505 1035 590 βαρέως
1062 508 1124 586 μὲν
1156 497 1263 589 ἤνεγκε
1290 505 1350 590 την

261 612 317 675 τοῦ
335 603 449 695 άνδρός
467 599 661 693 παρρησίαν,
688 607 746 668 τοῦ
767 606 802 669 δὲ
825 602 871 688 μη’
896 628 967 668 τινα
985 602 1128 689 ταραχὴν
1146 604 1349 691 ποιῆσαιτην

261 706 341 794 πρὸς
355 709 473 773 ἐκεῖνον
489 703 643 786 ἔνστασιν,
666 704 866 789 συνεχώρησε
887 702 944 768 καί
963 702 1071 780 αάτός.
1087 700 1130 770 Ὃ
1150 708 1260 785 μέντοι
1280 708 1350 782 νέος

257 800 456 891 Ἀνδρόνικος
479 807 581 870 ταῦτα
595 801 728 887 μαθοόν,
750 803 867 889 ἐπλήγη
888 806 950 886 μὲν
972 806 1119 889 σφοδρῶς
1144 802 1202 891 την
1225 803 1367 891 ψυχῆνῤ

260 902 317 990 την
334 902 437 990 ἀρχὴν
460 904 694 970 τῶντοιούτων
717 903 910 991 πραγμάτων
933 904 979 978 εἰς
1000 899 1099 969 αὐτοῦ
1120 904 1348 992 καταστροφὴν

260 997 498 1085 ἀποβλέπουσαν
522 1006 637 1069 ἐννοῶν
642 1055 653 1086 ,
672 1001 767 1091 ἔφερε
789 1006 825 1069 δέ
842 1001 877 1069 τό
896 995 987 1087 άλγος
1007 1006 1079 1090 σιγῇ
1087 1054 1098 1086 ,
1131 1000 1239 1086 θυμόν
1255 1002 1348 1089 ἔδων,

262 1106 337 1167 καθ’
349 1099 504 1190 Ὅμηρον,
529 1103 585 1169 καί
598 1099 672 1170 οὐδὲ
695 1103 773 1193 λόγῳ
793 1105 869 1186 γοῦν
889 1106 1008 1170 ἐθέλων
1024 1106 1126 1168 δοκεῖν
1144 1097 1348 1171 άπαυθαδιά.

183 1211 211 1268 P.
220 1207 254 1269 ll
264 1204 328 1282 ζειν
341 1199 418 1288 πρὸς
433 1199 487 1268 τόν
502 1202 627 1269 πάππον
638 1202 694 1271 καί
712 1207 856 1287 βασιλέα.
890 1204 1004 1280 ἐκεῖνος
1019 1206 1081 1286 μὲν
1101 1195 1158 1269 oia
1184 1198 1267 1269 οὕτω
1291 1228 1347 1267 κα.

256 1303 356 1385 θηστο
379 1303 468 1388 σιγῇ·
491 1297 536 1379 εἷς
555 1305 592 1369 δέ
607 1328 655 1379 τις
673 1305 736 1369 τάν
760 1305 811 1369 ἐπ’
835 1296 971 1392 εόγενείη
989 1304 1271 1388 λαμπρυνομένων,
1292 1300 1387 1368 καίεο

255 1405 312 1483 τάς
328 1400 436 1491 σειράς
448 1399 601 1469 ἑλκόντων
617 1404 673 1467 τοῦ
690 1403 801 1485 γένους
817 1400 978 1488 μητρόθεν
994 1405 1056 1484 μὲν
1071 1404 1104 1480 ἐξ
1121 1399 1265 1483 αἱμάτων
1284 1407 1346 1485 βα.

255 1506 401 1585 σιλικυόν,
418 1498 535 1588 πατρός
554 1504 590 1567 δέ
607 1494 652 1566 σάν
673 1504 821 1577 scelerosi
847 1499 934 1588 παρὰ
956 1509 1023 1577 τοῖς
1044 1502 1207 1583 Κομάνοις
1224 1495 1346 1585 εόγενε.

257 1605 390 1683 στάτσυ,
416 1602 449 1667 οἳ
471 1598 718 1686 προσεχώρησαν
736 1601 886 1689 Βατάτζη
905 1602 950 1689 τῷ
963 1605 1092 1683 βασιλεῖ
1109 1600 1345 1686 τῆςῬωμαίωκ

256 1700 417 1786 βασιλείας
432 1703 667 1790 ἐπειλημμένηι,
683 1699 839 1784 Συτζιγίιν
858 1704 1060 1787 βαρβαρικῶς
1074 1703 1286 1785 καλουμένου,
1309 1704 1346 1767 ἐκ

254 1805 291 1869 δέ
315 1805 372 1868 τοῦ
390 1796 451 1867 άπό
473 1804 531 1865 τοῦ
551 1799 642 1883 άγίου
665 1800 867 1886 φωτίσματος
891 1796 989 1866 αὐτόν
1007 1794 1237 1882 ἀναδεξαμένου
1259 1804 1385 1888 Euo&

252 1899 361 1986 γιάννη
383 1898 618 1984 ἐπικληθέντος·
642 1897 756 1963 τοότου
788 1897 827 1984 δη
853 1902 910 1964 τοῦ
937 1897 1112 1986 Συργιάννη
1131 1908 1207 1976 παῖς
1229 1904 1346 1987 Συργι-

255 1999 347 2084 άννης
371 1994 483 2073 νυκτός
512 1998 556 2085 τῷ
572 1999 631 2084 νίηι
646 2002 776 2079 βασιλεῖ
788 1993 987 2084 προσελθων,
1019 1997 1170 2081 ,πάντως
1192 1992 1350 2085 ἧκσυσταί

256 2120 318 2181 σοι,
340 2098 472 2180 βασιλεῦ
481 2098 500 2125 ”
516 2094 578 2181 ἔφη
600 2093 669 2178 ,τά
685 2098 939 2183 καινουργηματα
954 2097 1051 2163 ταυτί
1065 2097 1104 2162 τά
1115 2103 1169 2165 νέα
1177 2147 1188 2178 ,
1204 2098 1260 2164 καί
1272 2121 1345 2164 στα.

232 2214 254 2266 Β
261 2196 418 2280 χάζεσθαι
431 2195 468 2260 τό
484 2198 571 2272 τέλος
586 2198 649 2262 τῶν
672 2196 865 2283 πραγμάτων
880 2198 916 2262 ἐκ
940 2201 996 2282 τῆς
1020 2191 1120 2284 άρχῆς
1143 2190 1209 2264 dm
1223 2200 1343 2288 συνετῷ

253 2320 306 2361 σοι
322 2296 480 2382 προσήκει.
502 2290 541 2360 σά
556 2297 614 2382 γάρ
632 2298 718 2362 ἐστιν
733 2298 848 2379 εἰπεῖν,
864 2295 908 2377 τός
923 2294 940 2362 ό
956 2295 1013 2374 σός
1034 2299 1159 2374 πάππος
1178 2298 1235 2364 καί
1249 2304 1385 2382 flacano

253 2393 326 2472 λεός
340 2397 374 2475 ἐξ
389 2388 530 2480 άνοιόιςῆ
547 2388 691 2482 άπειρίας
706 2399 842 2461 τοιαῦτα
859 2395 1006 2483 προήχθη
1021 2398 1117 2486 δρᾷν.
1144 2396 1161 2464 ό
1177 2395 1345 2485 παρελθόν

251 2492 312 2582 γάρ
327 2491 441 2580 χρόνος
457 2492 512 2558 καί
525 2493 693 2580 ἐμπειρίαν
709 2492 824 2580 πολλὴν
843 2493 898 2559 καί
912 2493 1091 2582 φρονήσεως
1107 2496 1196 2585 crispi
1209 2500 1343 2581 μέγεθος

323 2614 350 2656 a.
369 2595 384 2649 d
400 2593 520 2654 πάππος
537 2595 646 2650 addidit
661 2596 694 2649 N·
801 2599 826 2651 8.
846 2598 924 2651 Iliad.
943 2595 974 2660 ζ’.
992 2598 1055 2651 ΕΙ).
1074 2598 1104 2651 P.

253 2734 310 2775 non
329 2718 430 2772 iniuria
447 2718 535 2772 virum
554 2718 641 2770 acrius
657 2716 747 2769 obniti
765 2735 797 2771 ac
807 2735 956 2789 repugnare
971 2725 1130 2780 cernentes,
1154 2723 1186 2770 nt
1199 2733 1228 2770 se
1242 2734 1276 2770 ex
1291 2735 1341 2770 an·
1424 2730 1429 2739 ·
1484 2726 1485 2739 ¹

253 2790 333 2861 tique
355 2791 472 2844 formula
489 2797 656 2841 sacramento
674 2791 889 2859 constringeret,
907 2790 1029 2842 volentes
1044 2789 1223 2861 nolentesque
1235 2790 1340 2858 permi-

255 2867 357 2913 serunt.
402 2861 434 2913 ld
451 2859 532 2913 simul
558 2876 591 2911 en
613 2857 647 2909 iis
672 2858 763 2911 senior
786 2859 912 2923 rescivit,
936 2858 1056 2911 hominis
1074 2857 1265 2911 confidentiam
1284 2859 1340 2909 ini-

255 2947 308 3001 que
323 2948 431 3000 passus,
461 2948 495 2982 ne
514 2938 605 2982 tamen
620 2929 643 2980 si
658 2929 737 2981 illum
759 2935 895 2998 premeret
916 2937 1079 3000 urgeretque
1092 2930 1224 2991 severius,
1245 2929 1341 2982 turba·

254 3017 314 3053 rum
336 3001 443 3072 aliquid
466 3000 630 3062 efficeretur,
667 2999 868 3051 connivendum
892 3006 920 3051 et
940 3001 998 3068 ipse
1016 2999 1132 3054 censuit.
1157 2999 1248 3068 Nepos
1265 3016 1341 3052 com·

252 3078 331 3140 porto
356 3071 423 3153 quid
441 3079 581 3141 ageretur,
609 3070 685 3123 illico
710 3070 831 3122 animum
854 3070 969 3140 graviter
987 3070 1163 3135 vulneratus,
1185 3072 1340 3138 prooemia·

254 3156 307 3212 que
329 3138 517 3193 huiuscemodi
537 3140 571 3192 ad
594 3141 760 3193 eversionem
781 3149 864 3212 atque
882 3140 1023 3192 interitum
1038 3145 1118 3205 auum
1143 3149 1264 3211 spectare
1287 3159 1339 3193 au·

253 3216 380 3279 guratus,
405 3209 527 3263 dolorem
551 3211 661 3262 silentio
685 3210 853 3275 dissimulat,
881 3229 928 3263 cor
949 3229 1028 3263 suum
1046 3209 1205 3275 comedens,
1230 3219 1262 3263 ut
1280 3212 1338 3263 llo·

253 3295 343 3331 merus
365 3281 421 3344 ait,
449 3299 480 3333 oc
495 3297 530 3332 ne
546 3281 637 3334 verbis
655 3280 765 3353 quidem
784 3291 863 3333 tenus
882 3282 911 3334 in
929 3298 1007 3335 avum
1031 3290 1176 3333 contumax
1193 3298 1225 3334 ac
1239 3298 1335 3353 super·

252 3348 304 3400 bus
320 3346 407 3402 videri
425 3350 545 3405 studens.
582 3351 671 3423 Atque
686 3351 733 3403 ille
753 3351 863 3423 quidem
882 3352 921 3402 sic
940 3353 1039 3404 tacitus
1056 3350 1177 3413 sedebat,
1196 3368 1256 3404 cum
1273 3352 1337 3423 qui-

254 3417 316 3470 dam
336 3422 485 3491 perillustri
504 3423 629 3492 prosapia
652 3420 800 3483 oriundus,
834 3421 878 3472 eui
895 3429 1046 3472 maternum
1067 3432 1150 3489 genus
1168 3437 1184 3472 e
1206 3425 1337 3492 sanguine

254 3488 439 3558 imperatorio,
453 3501 530 3561 pater
543 3499 634 3542 autem
646 3490 719 3560 apud
727 3492 870 3552 Consanos,
883 3492 931 3561 qni
943 3491 1038 3542 loanni
1048 3493 1174 3543 Batatsae
1189 3491 1334 3560 imperium

254 3562 405 3628 capessenti
421 3578 451 3613 se
464 3560 636 3624 dediderunt,
649 3560 847 3624 nobilissimus,
863 3559 978 3612 barbare
990 3560 1123 3630 Sytzigan,
1146 3562 1258 3612 nomine
1272 3578 1336 3616 vero

255 3630 329 3693 eius,
363 3633 411 3703 qul
431 3632 520 3702 ipsum
539 3647 554 3683 c
576 3632 747 3683 sacrofonte
771 3638 941 3700 susceperat,
969 3630 1129 3701 Syrgiannes
1146 3638 1334 3698 nuncupatus:

162 3760 164 3763 ι
253 3696 335 3751 huius
355 3702 449 3774 itaqua
470 3702 627 3773 Syrgiannis
646 3701 719 3753 filius
739 3701 812 3770 petri
831 3701 1014 3770 cognominis,
1041 3709 1123 3753 noctu
1144 3702 1336 3771 imperatorem

252 3778 380 3838 nepotem
394 3786 455 3824 cum
473 3773 659 3835 convenisset,
682 3770 836 3824 istiusmodi
857 3770 947 3823 verbis
967 3787 1029 3824 eum
1052 3774 1146 3823 affatus
1164 3779 1222 3824 cst:
1245 3771 1335 3826 Credo

253 3839 396 3909 equidem,
420 3844 581 3912 imperator,
614 3857 697 3893 novas
718 3839 800 3893 hasce
820 3839 1035 3895 machinationes
1054 3841 1106 3895 tibi
1125 3841 1207 3911 plane
1228 3840 1335 3898 τιιδὶῐιε

253 3925 329 3972 esse,
356 3919 384 3962 te
397 3921 504 3976 autem,
530 3921 562 3964 ut
574 3912 687 3963 minime
704 3913 834 3977 stultum,
852 3928 971 3983 quonam
986 3929 1028 3964 res
1042 3914 1092 3965 tali
1112 3929 1208 3965 exorsu
1223 3929 1334 3967 evasura

253 3979 305 4044 sit,
323 3982 477 4034 coniectura
495 3981 639 4055 providere
651 3981 736 4035 docet
779 3981 851 4034 Illud
863 3983 985 4053 prolecto
999 3983 1054 4035 dici
1065 4001 1122 4035 non
1135 3990 1234 4053 potest,
1254 4001 1333 4037 avum

251 4057 329 4103 tuum
346 4051 483 4106 dementia
501 4050 617 4126 quadam
635 4060 683 4104 aut
701 4054 840 4122 imperitia
855 4070 943 4106 serum
962 4053 1015 4106 huc
1030 4056 1199 4124 prorupisse,
1226 4072 1286 4107 cum
1304 4072 1332 4108 sc

251 4120 492 4193 prudentissimum
507 4124 827 4199 experientissimumque
847 4125 941 4176 multis
959 4124 1074 4179 antchac
1089 4125 1219 4195 exemplis
1231 4124 1333 4195 probo-

251 4194 329 4247 νοτία
362 4193 433 4250 Nam
444 4198 497 4250 nisi
511 4197 589 4269 prius
602 4194 803 4249 comtabilisset
818 4202 846 4249 et
859 4199 1064 4261 communisset,
1090 4214 1171 4269 quem
1185 4194 1331 4266 splendida
