3000 4742
264 245 348 367 262
654 226 939 349 CANTACUffltl

116 402 180 489 hc..
191 402 254 503 r327
262 420 401 507 ἔγνωσαν
427 413 579 487 άδύνατοι
597 411 679 485 εἶναι
697 415 1010 504 ἀντιπαρατάξασθαι
1029 412 1108 498 πρὸς
1127 408 1247 494 μάχην,
1266 405 1350 473 ἐπώ-

260 528 355 587 θοντα
377 523 423 603 δὲ,
443 523 542 606 μέχρι
554 517 711 596 Ξανθεάας
729 519 862 602 βασιλέα
883 517 1068 603 ἐφθακέναι,
1090 506 1147 577 orie
1166 508 1268 576 ἒδύκει
1288 513 1350 571 λυ-

259 626 392 687 σιτελεῖν
420 620 475 684 ε’πί
498 623 553 706 της
580 614 678 705 αύτῆς
702 623 808 701 μένειν
838 615 1100 704 στρατοπεδείας,
1123 610 1192 675 ἀλλ’
1213 598 1347 692 άρανιες

258 722 396 801 ἐκεῖθεν,
424 712 524 804 ἦλθον
547 721 595 802 Ιεἰς
623 716 747 803 Φεράς,
780 711 849 798 ώμα
875 719 935 796 μὲν
967 711 1021 778 καύ
1047 707 1101 775 διά
1122 709 1158 773 τὸ
1175 704 1232 790 τὴν
1252 700 1346 769 πόλιν

260 814 382 903 ὀχυράν
403 812 484 882 εἶναι
504 818 747 903 καρτερωτάτοον
766 818 882 899 τειχών
902 817 1080 898 περιβολαῖς
1098 809 1155 873 καί
1186 799 1366 916 ἀφθονίανό

228 918 324 981 Βτών
341 913 525 1000 ἐπιτηδεύων
543 917 717 999 δυναμένην
731 923 877 1000 χορηγεῖν
896 917 934 999 τῇ
949 912 1082 997 στρατιᾷ
1094 903 1230 992 τοσαύτη
1254 922 1345 987 onon,

261 1011 330 1096 ἅμα
351 1016 386 1079 δὲ
406 1013 598 1094 ἑλπισαντες,
617 1017 672 1078 καί
690 1013 842 1097 βασιλέα,
869 1005 908 1075 dv
934 1002 1050 1087 αύτούς
1078 1005 1216 1088 πύθηται
1236 995 1344 1083 ώσπερ

261 1113 462 1200 στρατοπέδῳ
487 1114 526 1200 τῇ
561 1112 708 1197 Φεραίων
733 1113 919 1197 χρωμένους
944 1105 1000 1172 καὶ
1029 1102 1188 1191 ἀφθονίαν
1214 1096 1345 1182 ἔχοντας

262 1212 372 1295 σι’του,
403 1206 508 1297 ώσπερ
535 1211 797 1277 ἀποδειλιάσαντα
824 1207 859 1275 τά
890 1212 924 1288 ἐξ
953 1206 1074 1292 ύχυρού
1103 1197 1219 1276 αὖτθῦς
1239 1195 1342 1280 detta·

263 1314 345 1376 σθαι
364 1308 594 1396 στρατοπέδου,
622 1308 698 1395 πρὸς
718 1305 951 1393 Χρισισύπσλικ
977 1314 1093 1387 μενεῖν.
1131 1294 1280 1385 βασιλεύς
1306 1295 1382 1359 δὲῑθ

262 1407 308 1486 uic
336 1411 457 1493 ἐγένετο
485 1410 519 1472 ἐν
539 1409 791 1495 Χριστουπόλει,
822 1409 893 1474 ἐπεὶ
911 1402 1046 1472 ἐπύθετο
1067 1398 1185 1475 αύτούς
1206 1392 1344 1481 ἀφιγμέ-

262 1532 335 1582 νους
361 1507 407 1583 εἰς
434 1504 557 1592 Φεράς,
585 1499 635 1594 ᾔει
654 1509 709 1572 καί
736 1504 835 1583 αὐτὸς
854 1505 958 1571 adreio
976 1499 1107 1569 κατόπιν
1126 1495 1181 1563 καί
1198 1496 1344 1577 ἐστρατο-

261 1607 412 1672 πέδευσεν
426 1607 461 1670 ἑν
476 1606 625 1694 πολιχνάρ
638 1604 701 1671 τινά
717 1607 820 1690 Ζι’χνα
841 1602 1148 1695 προσαγορευομένῳ,
1167 1591 1257 1679 ἕννῦς
1279 1594 1343 1655 ΨΒ·

262 1708 336 1790 ρών.
381 1701 411 1769 οἱ
432 1706 467 1770 δὲ
488 1703 615 1788 Ζι’χκιοι
634 1709 690 1772 καί
707 1704 858 1792 πρότερον
877 1707 937 1787 μὲν
963 1697 1173 1791 ἀφεστηκότες
1190 1687 1251 1779 ἤδη
1272 1695 1344 1764 ταῖς

261 1803 403 1887 γνώμαις
426 1802 505 1889 πρὸς
523 1806 657 1887 βασιλέα
676 1802 735 1888 τὸνΙ
747 1805 835 1887 νέον,
852 1799 992 1882 Ἀλεξίου
1017 1792 1267 1882 Ίζαμπλάκωνος
1284 1785 1381 1852 soriti

262 1899 399 1986 μεγάλου
428 1904 547 1966 παπιλιυ
576 1902 739 1987 ἐνάγοντος
764 1901 845 1989 πρὸς
873 1904 983 1985 τούτο,
1011 1903 1046 1967 ἔκ
1080 1885 1342 1983 Χριστουπύλεαις

259 2000 368 2087 κρύφα
388 1997 469 2084 πρὸς
489 1996 588 2089 αώτύν
608 2003 840 2085 διαλεγομένου,
861 1997 985 2066 edredi
999 1996 1056 2063 ούκ
1071 2000 1105 2062 ἐν
1122 1990 1253 2071 ἐλπίσιν,
1275 1981 1342 2051 ἀλλ’

260 2100 295 2162 ἐν
323 2100 440 2187 βεβαάρ
461 2091 522 2183 ἤδη
550 2096 608 2185 την
638 2102 792 2185 βοήθειαν
819 2096 968 2187 ὁρώντες,
997 2091 1174 2180 ἀπέστησαν
1200 2087 1343 2173 ἀναφαν-

164 2206 192 2260 Ρ.
203 2196 341 2280 notter,
368 2199 423 2262 καῖ
447 2202 576 2280 βασιλεῖ
590 2198 834 2285 προσεχώρησαν
852 2201 897 2290 τῷ
916 2202 975 2288 stirp
996 2195 1051 2262 καὶ
1066 2192 1101 2260 τὸ
1119 2189 1259 2271 πόλισμα
1277 2186 1343 2250 ἕνε-

259 2293 415 2380 χεάρισαν.
442 2294 713 2381 στρατοπεδεύσας
743 2299 779 2363 δὲ
807 2293 824 2362 ὅ
852 2295 1001 2382 βασιλεύς
1027 2297 1062 2362 ἐν
1090 2294 1193 2375 Ζῖχνα
1222 2284 1381 2372 quidam

263 2392 339 2476 δύο,
361 2392 405 2469 oie
431 2388 471 2458 ύν
490 2392 525 2459 ἔκ
552 2418 587 2460 τε
605 2398 667 2460 τών
686 2399 741 2481 τῆς
762 2392 942 2483 ὁδοιπορίας
960 2394 1065 2460 πόνων
1085 2389 1222 2456 καὶτῶν
1241 2384 1342 2450 ύετών

262 2494 318 2557 καί
343 2495 407 2557 τών
435 2493 600 2576 χειμώνων
618 2493 640 2579 ἦ
661 2494 796 2581 στρατιά
818 2489 1028 2581 άνακτήσητιιι
1046 2488 1180 2575 ἑαυτήν·
1208 2477 1263 2573 (ἦν
1281 2481 1341 2567 yde

115 2588 302 2677 acumem}
330 2587 408 2657 κατά
437 2594 523 2676 μῆνα
547 2590 740 2679 Ἰανουάριον
763 2594 863 2680 ἦπού
881 2595 1036 2679 χειμώνος
1055 2586 1166 2680 ώρα·)
1197 2588 1236 2674 τῇ
1253 2580 1341 2670 τρίτη

333 2742 372 2794 ¹7·
389 2725 461 2797 Lege
482 2743 516 2779 ex
533 2727 617 2798 Intpr.
637 2723 748 2786 αύτούς.

261 2847 372 2908 riasem,
390 2854 569 2903 conserturns.
604 2845 637 2899 Id
656 2864 716 2900 curn
733 2849 824 2901 sciatis
840 2845 931 2910 modo,
951 2843 986 2898 ad
1000 2860 1118 2916 pugnam
1134 2859 1182 2897 vos
1201 2835 1337 2910 expedite.

258 2919 314 2971 lata
331 2919 361 2969 in
389 2919 488 2970 litteris
506 2919 658 2986 imperator.
701 2920 746 2970 llli
774 2935 802 2972 se
828 2918 990 2970 infirmiores
1010 2917 1181 2979 iudicantes,
1204 2926 1284 2984 quam
1303 2913 1336 2960 nt

258 2989 317 3040 acie
339 2988 526 3047 decertarent,
549 2989 767 3059 audientesque,
793 2991 985 3058 imperatorem
1014 2986 1158 3040 Xanthiam
1186 2983 1339 3041 accessisse,

258 3060 413 3110 consultum
430 3059 488 3110 lore
506 3057 699 3121 decreverunt,
718 3059 799 3111 motis
822 3061 926 3120 castris,
944 3057 999 3109 alio
1018 3056 1220 3109 retransferre.
1254 3053 1340 3123 Igitur

260 3128 361 3182 Pheras
377 3136 494 3197 petunt,
523 3137 551 3181 et
573 3129 649 3201 qnod
676 3128 743 3181 urbs
766 3147 799 3181 ea
822 3130 981 3181 firmissimis
1006 3135 1081 3196 septa
1107 3125 1251 3179 moenibus
1268 3128 1340 3176 esset

258 3206 390 3267 tantoque
409 3200 539 3251 exercitui
558 3206 737 3251 commeatum
763 3199 937 3268 suppeditare
964 3198 1075 3318 larqiter
1090 3203 1198 3281 posset,
1228 3204 1257 3247 et
1274 3193 1339 3265 quia

259 3268 411 3336 aperahant,
430 3268 627 3335 imperatorem,
638 3270 687 3321 ubi
704 3271 896 3333 intellexisset,
911 3286 956 3322 eoa
976 3286 1007 3318 nr
1028 3285 1070 3320 em
1089 3268 1164 3319 allam
1181 3281 1231 3334 pro
1245 3262 1339 3318 castris

259 3335 371 3399 habere,
395 3353 558 3408 annonaque
578 3348 607 3391 et
631 3340 738 3410 reliquo
762 3348 913 3392 commeatu
931 3338 1052 3401 affluere,
1071 3344 1247 3397 metuentem,
1269 3349 1339 3386 nea

260 3407 355 3459 castris
380 3404 448 3458 adeo
472 3409 585 3460 munitis
611 3424 684 3460 erum
706 3418 799 3473 erent,
827 3408 995 3478 Christopoli
1019 3423 1181 3462 mansurum
1227 3405 1284 3474 Qui
1307 3410 1340 3455 nt

259 3476 445 3545 christopolin
463 3477 539 3530 veuit
557 3487 586 3530 et
604 3494 648 3530 eos
663 3428 756 3531 Pderis
773 3479 964 3532 recredidisse
983 3479 1097 3548 accepit,
1116 3478 1243 3548 persequi
1258 3474 1340 3526 insti·

259 3548 316 3599 tuit
332 3555 362 3599 et
382 3544 416 3597 ad
434 3546 567 3615 oppidum
585 3548 682 3601 Zichna
701 3550 882 3618 appellatum,
898 3564 983 3619 prope
1002 3550 1112 3612 Pheras,
1128 3547 1275 3600 exercitum
1288 3544 1338 3596 ad-

259 3615 345 3668 duxit
382 3614 487 3668 Zichnii
505 3616 558 3668 iarn
584 3626 664 3681 ante,
687 3618 834 3689 impulsore
850 3621 947 3673 Alexio
966 3619 1139 3689 Zamplacone
1158 3633 1253 3701 magno
1271 3632 1340 3685 pap·

258 3688 315 3756 pia,
334 3686 381 3757 qui
401 3702 417 3736 e
435 3686 603 3756 christopoli
623 3690 728 3741 occulte
746 3707 808 3742 curn
827 3693 894 3762 ipsis
913 3698 1013 3761 egerat,
1033 3689 1130 3742 animis
1149 3686 1183 3739 ad
1203 3688 1340 3739 iuniorem

258 3757 447 3878 imperatorem
465 3755 628 3809 deiecerant
647 3760 681 3810 Et
690 3761 755 3828 quia
772 3768 830 3812 turn
846 3780 901 3813 non
918 3778 976 3830 spe,
987 3759 1034 3811 aed
1050 3760 1137 3813 oculis
1155 3760 1223 3828 ipsis
1236 3763 1339 3809 eertum

257 3829 284 3879 vi
305 3828 389 3880 ebant
407 3828 547 3893 auxilium,
554 3829 692 3898 propalam
703 3829 737 3881 ad
758 3846 829 3891 eum.
847 3830 941 3884 dedita
960 3831 1217 3894 urhe,transierunt.
1236 3828 1339 3879 Trana-

258 3907 319 3950 acto
337 3898 377 3950 ibi
394 3897 480 3951 hiduo
497 3897 531 3950 ad
548 3899 725 3952 reficiendum
749 3902 979 3972 recreandumque
1006 3920 1039 3955 ex
1063 3901 1170 3953 itineris
1193 3898 1286 3950 labore
1303 3914 1338 3948 ex

255 3969 410 4039 pluviarum
439 3977 468 4022 et
490 3970 597 4040 frigoris
624 3971 726 4022 iniuria
739 3973 867 4037 militem,
891 3974 994 4046 quippe
1021 3988 1113 4024 mense
1131 3971 1266 4029 ianuario,
1292 3967 1337 4018 die

256 4039 339 4092 tertio
359 4038 431 4093 bene
449 4056 528 4093 manc
545 4044 651 4111 signum
670 4041 705 4093 ad
723 4060 796 4095 arma
813 4045 945 4114 capienda
963 4042 1021 4095 dari
1040 4044 1127 4095 iussit.
1151 4041 1222 4092 Tum
1234 4042 1339 4091 iustru-

256 4111 307 4162 ctis
324 4110 399 4162 velut
414 4108 450 4162 ad
478 4128 573 4179 agnam
584 4111 737 4175 ordinibus,
755 4116 904 4183 composite
914 4121 944 4166 et
963 4130 1024 4166 curu
1037 4112 1149 4166 silentio
1166 4109 1335 4169 incedentes,

256 4197 313 4241 nou
329 4180 425 4250 procul
440 4126 533 4237 Pheris
542 4220 551 4247 ,
568 4183 680 4238 fluviolo
697 4183 842 4241 hibohiato
860 4185 1034 4248 transmisso,
1051 4185 1081 4236 in
1098 4181 1251 4254 procinctu,
1265 4187 1335 4231 tan·
