3000 4742
502 228 786 296 nrsronuuuu
815 232 842 290 ι.
871 231 923 301 57.
1025 176 1031 185 ’
1168 194 1261 323 ,agri¹
1304 275 1311 283 .

169 406 227 461 Ὶτις
247 384 336 470 sup„
360 380 544 464 άμόνεσθαί
552 406 595 464 τε,
616 375 656 448 άν
675 383 747 468 ἐξῇ,
762 381 818 446 xus*
839 376 976 466 ἧσυχίαν
999 368 1087 463 άγειν
1110 372 1188 464 πρός
1212 375 1400 465 tribe-1328

176 481 393 569 καρτερώτατα
413 481 690 568 άποχωρὴσαντας.
725 478 755 544 οῖ
776 482 836 562 μὲν
854 472 912 544 σόν
932 471 1014 544 σάτον
1041 476 1255 561 βουλευσάμε-

174 605 240 662 νοι,
261 580 315 645 τόν
331 578 486 668 Κάμαριν
500 583 561 663 μὲν
581 582 722 647 ἐκέλευον
739 581 873 644 ἕπεσθαι
890 576 1018 657 αότοῖς,
1047 576 1092 652 ὥς
1115 570 1156 642 όν
1173 578 1255 643 εἰδέ-

160 703 227 745 ,ναι
247 676 305 767 ἔχῃ
328 676 366 743 τό
385 675 596 767 στρατόπεδον
612 679 768 761 βασιλέως
783 672 845 762 όπνγ
863 673 921 761 εἴη·
948 672 1005 739 τόν
1028 676 1065 739 δ’
1085 674 1187 760 ἕτερον
1210 676 1256 752 εἰς

153 764 349 858 δβυζάντιον
371 774 414 853 ὥς
434 776 573 853 καὶτοῖς
596 771 711 863 ἑτέροις
733 774 772 842 τά
794 777 999 861 πεπραγμένα
1023 774 1257 858 ἀπαγγελοῦντα

173 877 310 942 άπιέναι.
343 873 486 951 ἐλθόντες
506 878 542 941 δὲ
561 874 645 960 παρά
664 871 718 941 τὸν
744 878 881 940 Μέλανα
909 871 1069 956 ποταμόν,
1099 868 1179 937 ἔνθα
1202 873 1257 936 καί

172 970 307 1061 ἧλοιπὴ
331 971 463 1061 στρατιά
488 969 556 1056 άμα
584 973 839 1059 πρωτοστράτορι
871 972 1177 1056 ἐστρατοπεδευμένοι
1204 961 1256 1054 ἦν,

173 1072 263 1141 τότε
281 1078 354 1159 περὶ
371 1076 434 1139 τοῖν
448 1072 645 1158 πραττόντων
664 1071 722 1156 τὴν
742 1068 858 1138 άλοοσιν
880 1072 965 1162 αδτῷ
984 1072 1161 1137 ένοινοόντο
1183 1073 1281 1134 lev-n

175 1174 319 1255 ζαντίοο,
346 1171 402 1236 καί
417 1167 476 1236 όσα
492 1174 645 1238 ’πύθοιντο
665 1175 739 1257 περὶ
755 1173 816 1237 τῶν
830 1175 955 1238 Μυσῶν
969 1174 1024 1237 καί
1037 1167 1112 1257 περί
1133 1172 1189 1255 τῆς
1205 1171 1251 1246 είς

136 1269 297 1355 ιοΛόγους
315 1274 564 1357 στρατοπεδείας,
585 1273 806 1356 προστιθέντες
822 1269 876 1334 καί
889 1266 947 1349 τάς
960 1272 1073 1347 αἰτίας.
1092 1268 1148 1335 ναί
1165 1269 1288 1335 turer.
1300 1276 1350 1347 ¹4⁵

176 1366 215 1454 eir}
235 1369 289 1434 καί
306 1365 393 1457 einp
412 1369 514 1435 ἐδόκει
539 1372 642 1445 καλῶς
661 1367 768 1453 ἔχειν,
790 1362 923 1454 άραντες
937 1372 1075 1450 ἐκεῖθεν,
1104 1370 1255 1454 ἐστρατο-

175 1467 365 1533 πεδεύσαντο
385 1471 420 1534 έν
436 1465 573 1552 Λόγους.
594 1467 648 1532 καί
669 1470 703 1544 ές
718 1464 777 1552 τόν
792 1465 960 1553 όστεραίαν
977 1466 1112 1552 ἠγγέλθη
1138 1461 1255 1548 αὐτοῖς,

175 1561 219 1641 οἷς
235 1563 415 1657 στράτευμα
435 1570 562 1630 Μυσῶν
579 1563 654 1651 περί
672 1566 866 1650 τρισχιλίους
884 1566 998 1641 ἵππους
1022 1555 1097 1649 ἧκεν
1118 1564 1164 1640 εἷς
1186 1568 1255 1629 Bo-

175 1663 299 1741 ζάντιον
313 1662 394 1727 κατά
417 1661 603 1745 συμμαχίαν
620 1666 665 1752 τῷ
685 1666 884 1752 πρεσβυτέρῳ
908 1668 1050 1746 βασιλεῖ·
1077 1663 1197 1750 ἡγεῖται
1219 1666 1255 1731 δέ

136 1788 147 1831 ι
154 1762 279 1835 5αάτοῑν
297 1753 418 1844 ’Ῑβάνης
436 1757 453 1823 ό
470 1758 564 1836 Ῥάς.
595 1759 771 1846 έθορόβησε
791 1764 853 1843 μέν
876 1754 933 1827 οόν
953 1756 991 1825 ori
1007 1761 1142 1853 μετρίοις
1162 1764 1255 1826 τοῦτο

173 1857 230 1925 τόν
243 1861 312 1924 νέον
332 1860 476 1941 βασιλέα.
510 1856 683 1938 ἐξετάξαντο
702 1861 740 1924 δ’
761 1860 849 1948 crispi
867 1854 934 1941 άμα
953 1861 995 1948 τῷ
1016 1858 1140 1949 μεγάλιρ
1162 1862 1256 1943 δομε-

173 1947 269 2045 στάιερ
286 1961 341 2022 καί
357 1953 607 2044 πρωτοστράτορι
622 1953 656 2041 ό,
671 1981 703 2024 τι
718 1955 755 2022 τό
774 1968 886 2024 πεῖσαν
907 1957 962 2025 τόν
980 1962 1114 2042 βασιλέα
1128 1963 1255 2027 Μυσῶν
1309 1958 1313 1967 ’

172 2052 229 2130 τάς
245 2057 304 2136 μὲν
315 2050 396 2142 πρός
410 2053 504 2120 αότὸν
520 2053 657 2133 σπονδάς
671 2049 859 2142 ἧθετηνέναι
874 2060 931 2124 ναί
938 2056 1012 2133 τοὺς
1025 2052 1152 2143 ὅρκους,
1163 2059 1285 2125 dest-c

174 2155 238 2239 (γῆς
267 2145 341 2218 όντα
365 2151 525 2235 σύνοικον,
559 2156 603 2243 τῷ
623 2158 824 2244 πρεσβυτέρῳ
852 2158 887 2221 δέ
914 2162 1042 2240 βασιλεῖ
1064 2166 1253 2241 συμμαχεῖν,

130 2247 327 2326 οοόπενόουν
338 2248 384 2335 pr}
403 2251 532 2335 άληθεῖς
550 2246 630 2316 εἶναι
646 2249 703 2329 τάς
720 2256 926 2338 γεγενημένας
945 2253 1105 2339 συνθήκας
1125 2257 1180 2320 καί
1195 2251 1253 2340 τόν

172 2353 368 2432 συμμαχίαν,
381 2348 462 2413 ditet
485 2351 649 2415 συνιδόντα
666 2347 721 2416 τόν
734 2350 862 2435 Μυσὸν,
882 2350 926 2430 oie
941 2351 1177 2440 όπρεσβότερος
1191 2359 1252 2437 βα-

171 2445 278 2524 σιλεὺς
297 2442 364 2529 ἅμα
381 2450 443 2530 μὲν
467 2434 559 2531 έχθει
577 2450 621 2537 τῷ
638 2450 718 2535 πρός
739 2448 794 2515 τόν
812 2448 953 2534 ἔγγονον,
975 2447 1042 2535 άμα
1062 2454 1098 2519 δέ
1116 2452 1171 2517 καί
1188 2454 1252 2519 δέει

170 2549 227 2613 τοῦ
238 2543 284 2630 μὴ
301 2545 376 2623 τούς
392 2546 543 2624 συνόντας
561 2541 648 2636 crispi
668 2548 834 2630 Ῥωμαίων
849 2548 1047 2636 διεφθάρθαι
1061 2546 1114 2616 ὑπ’
1129 2550 1250 2617 ἐκείνου

78 2668 89 2675 ·
170 2646 228 2709 καί
248 2642 461 2726 έπιβουλεόειν
482 2640 586 2735 αὐτῷ,
616 2646 691 2736 ῥᾷον
716 2642 756 2713 άν
783 2652 994 2734 παραδέξαιτο
1020 2653 1055 2716 έν
1080 2654 1251 2734 βασιλείοις

130 2741 319 2830 οὸφρουράν
344 2747 488 2827 Μυσῶν,
523 2745 662 2828 οἰόμενος
681 2741 732 2814 οἷα
756 2750 862 2825 ’ξένους
882 2749 937 2813 καί
955 2746 1141 2832 συμμάχους
1166 2741 1253 2838 αὐτῷ

172 2843 294 2924 μᾶλλον
312 2841 447 2926 εόνοεῖν,
474 2846 599 2926 πέμψαι
616 2842 671 2909 τόν
689 2844 844 2932 στρατόν,
864 2842 1022 2934 πρόφασιν
1036 2848 1107 2928 μὲν,
1126 2845 1170 2922 ὥς
1188 2870 1252 2928 μα-

172 3016 202 3062 et
225 3009 255 3061 in
279 3025 385 3062 secessu
407 3017 500 3065 ustura
521 3013 704 3066 munitissimo
723 3020 784 3066 tuto
799 3022 913 3085 possent
934 3015 1081 3084 quiescere.
1123 3013 1182 3065 Hoc
1203 3011 1253 3064 de-

141 3082 147 3097 '
171 3079 299 3141 liberato,
317 3080 442 3134 Camurin
457 3085 544 3154 sequi,
555 3091 587 3134 ut
604 3085 694 3147 sciret,
707 3084 820 3137 ubinam
836 3086 984 3152 imperator
1000 3101 1028 3137 se
1041 3090 1164 3148 teneret3
1182 3082 1252 3133 alte·
1311 3120 1315 3131 ,

173 3168 233 3202 rum
249 3151 404 3217 Byzantium
423 3151 499 3205 abire
521 3161 550 3205 et
566 3154 647 3205 sociis
666 3162 725 3205 ecta
740 3153 839 3206 referre
857 3153 961 3206 iubent
979 3155 1048 3207 Cum
1066 3153 1101 3205 ad
1116 3153 1252 3206 Melonem

173 3220 273 3272 flumen
289 3222 437 3285 venissent,
453 3222 502 3275 ubi
521 3223 657 3293 reliquum
675 3225 814 3293 copiarum
832 3241 891 3275 cum
910 3231 1104 3293 protostratore
1115 3222 1252 3286 manebat,

174 3308 234 3342 cum
252 3289 347 3342 eodem
364 3290 399 3344 de
410 3292 462 3355 iis,
485 3294 533 3363 qui
550 3310 578 3345 se
595 3294 750 3360 Byzantium
767 3293 921 3362 prodituros
935 3294 1111 3364 pollicentur,
1137 3302 1166 3346 et
1180 3308 1268 3364 quae*

113 3372 115 3376 “
173 3360 208 3413 de
229 3362 329 3413 Moesis
347 3366 550 3431 cognovissent,
568 3381 599 3414 nc
618 3364 652 3416 de
666 3367 898 3418 castrametatione
914 3365 943 3416 in
955 3365 1051 3433 Logos,
1069 3365 1153 3416 causis
1171 3363 1251 3415 etiarn

175 3433 330 3493 recensitis,
357 3434 595 3486 communicarunt
641 3434 709 3486 Cum
730 3442 758 3486 et
778 3433 824 3485 ille
846 3436 1040 3498 assentiretur,
1070 3452 1103 3487 eo
1124 3450 1253 3507 perrpxe-

175 3509 245 3553 runt
285 3503 338 3554 Die
354 3503 439 3555 altero
455 3503 627 3556 intellectum
641 3511 691 3567 est,
706 3504 813 3556 circiter
826 3507 878 3556 tria
895 3507 981 3556 miliia
1003 3505 1126 3575 equitum
1143 3506 1253 3556 Moeso·

175 3587 234 3623 rum
255 3571 412 3641 imperatori
430 3589 478 3626 avo
493 3574 664 3641 Byzantium,
689 3573 807 3626 ducente
822 3575 907 3627 lbane
924 3577 1023 3638 Russo,
1042 3577 1145 3627 auxilio
1163 3574 1251 3625 mitti:

175 3641 205 3693 id
220 3641 293 3712 quod
305 3653 431 3711 nepotem
444 3661 500 3696 non
518 3643 623 3697 modice
639 3645 815 3713 perturbavit
835 3646 1033 3715 Investignntes
1043 3652 1132 3697 autem
1145 3659 1252 3696 eausam

176 3712 248 3780 ipse,
266 3729 376 3781 magnus
388 3713 552 3767 domesticus
569 3723 597 3766 ct
612 3723 807 3784 protostrator,
825 3733 878 3788 qua
897 3714 1007 3767 adactus
1024 3716 1179 3767 Moesorum
1194 3729 1251 3776 rex,

176 3783 295 3852 quamvis
313 3786 410 3836 sororis
428 3785 553 3847 maritus,
581 3786 677 3838 foedus
695 3803 785 3840 secum
809 3788 943 3839 sancitum
964 3785 1078 3838 violaret
1093 3785 1251 3854 seniorique

175 3854 312 3918 suppetias
336 3851 484 3917 adveniret,
508 3857 635 3924 suspicati
657 3866 737 3919 sunt,
754 3874 809 3910 uon
821 3871 883 3909 vere
899 3856 961 3907 illos
980 3864 1009 3908 et
1027 3856 1166 3908 exanimo
1188 3854 1252 3906 soe-

176 3920 296 3985 deratos,
314 3939 364 3974 nec
382 3939 474 3976 verum
490 3942 548 3977 esse
562 3927 705 3977 auxilium:
729 3927 778 3982 sed
792 3944 851 3978 cunr
870 3927 951 3978 sciret
964 3925 1089 3987 Moesus,
1115 3926 1254 3977 seniorem

110 4046 114 4053 p
174 3990 274 4059 partim
293 3991 357 4044 odio
377 3994 406 4045 iu
425 4005 567 4065 nepotem,
586 3998 684 4064 partim
703 4004 794 4058 metu,
818 4012 854 4047 ne
876 3997 923 4066 qui
940 4010 1029 4045 seeum
1052 4004 1143 4048 essent
1157 4012 1252 4063 proee-

175 4077 218 4112 rcs
238 4062 346 4113 Romani
361 4061 396 4113 ob
413 4063 461 4115 illo
481 4073 716 4134 corrumperentur
731 4066 839 4134 sibique
853 4063 965 4117 insidias
979 4071 1128 4127 struerent,
1143 4065 1250 4116 sncitius

174 4131 329 4189 Moesorum
350 4134 498 4188 custodium
516 4137 546 4190 iu
567 4136 699 4206 palatium
717 4136 912 4199 admissurum,
933 4142 1034 4200 ratum,
1063 4153 1093 4190 ss
1115 4143 1249 4204 tunquam
