3000 4742
233 233 320 325 380
631 259 916 331 mmacuzrnr

90 415 282 511 λααηιρ
305 417 394 483 παι
409 416 466 503 τῆς
485 396 522 482 'n
542 412 628 483 και
652 415 828 503 ιτερατα
845 414 905 503 «μ
923 409 1037 503 em,
1055 418 1318 506 πιεειιρωι

235 520 301 583 διον
321 515 421 601 αὐτῆς
447 517 510 582 τάν
535 515 695 602 δημοσίαν
734 515 793 581 oda
824 513 954 582 ἔλαττον
986 519 1124 604 χρυσίου
1147 518 1318 606 μυριάδων

235 616 424 682 δυοκαίδεκα
441 614 563 696 οάσάν,
597 615 643 691 εἷς
663 617 724 697 μὲν
740 617 922 698 ἐπιμέλειαν
940 616 997 701 τῆς
1013 613 1110 703 νήσου
1131 620 1189 684 καί
1210 622 1319 704 φυλα-

235 715 311 801 κην,
342 711 393 781 ἔτι
418 737 453 781 τε
476 709 589 799 λοιπήν
611 712 788 799 ἀναγκαίαν
811 714 1028 797 ἀναλωμάτων
1049 717 1162 802 χρείαν
1191 711 1253 783 ὅσα
1275 707 1319 785 ἃν

209 813 327 905 14αάτῷ
346 815 530 904 σκεψαμένη
550 815 673 898 βέλτιον
693 814 801 899 δοκοίη
816 809 902 896 ἔχειν
927 813 1074 880 ἀναλοῦν·
1108 813 1149 901 τρὶ
1171 817 1208 882 δὲ
1236 813 1340 882 ἀπο-5

235 914 408 998 λειφθέντα
422 914 598 999 χρήματα,
626 910 666 979 τά
682 909 781 998 ἡμίση
793 915 854 994 μὲν
872 913 917 1001 τῷ
935 915 1088 1002 βασιλικῷ
1102 916 1231 1003 ταμιεάρ
1250 914 1319 979 alu·

233 1007 389 1093 κομίζειν,
420 1007 518 1077 adria
543 1012 579 1078 di
598 1007 639 1078 τά
664 1009 815 1078 ἐπίλοιπα
834 1014 1048 1097 καρποῦσθαι,
1087 1005 1203 1099 ἀδηλον
1225 1013 1261 1078 δὲ
1280 1004 1319 1077 ἀν

235 1102 395 1200 ἀνθράπρι
417 1110 514 1177 παντί
531 1105 624 1178 ὅπάτε
637 1103 870 1195 ἀπροσδόκητον
887 1105 952 1195 ἥξει
974 1107 1011 1177 τά
1037 1112 1128 1190 τέλος
1150 1113 1207 1197 τῆς
1224 1111 1318 1197 ζαῆς,

235 1206 357 1276 δίκαιον
376 1202 445 1293 ἅμα
465 1208 522 1276 καί
544 1210 705 1287 λυσιτελὲς
731 1206 878 1294 ἡγεῖσθαι
894 1203 994 1292 εἶναι,
1013 1206 1072 1295 τὴν
1089 1204 1270 1296 ἀκρόπολιν,
1290 1204 1317 1294 ἢ

235 1305 317 1395 πρὸς
324 1309 493 1395 Μαρτάου
508 1303 707 1398 ᾠκοδομεῖτο,
723 1310 1007 1376 ἐπισκευασθεῖσαν
1025 1300 1072 1377 ἀν
1088 1311 1200 1391 δέοιτο,
1213 1328 1357 1395 φρου-ιο

236 1408 282 1495 <ni
295 1409 527 1495 κατασχεθῆναι
547 1410 625 1494 παρ’
644 1405 762 1494 nitori,
793 1404 838 1485 ὥς
864 1405 900 1477 εἴ
915 1432 948 1472 τι
965 1406 1042 1494 περὶ
1060 1401 1176 1490 aboi,
1205 1402 1257 1476 οἷα
1276 1404 1319 1475 τά

239 1502 443 1591 ἀνθράπινα,
462 1508 604 1592 συμβαίη
624 1503 681 1572 καί
695 1505 814 1591 γένοιτο
832 1506 866 1584 ἔξ
886 1499 1082 1593 ἀνθράποον,
1099 1504 1145 1593 μή
1163 1503 1220 1591 τὴν
1236 1504 1318 1573 Χίον

235 1602 414 1687 ‘Puteolana
433 1604 700 1693 ἀποστερηθῆναι,
720 1601 854 1683 πολλοὺς
865 1602 1004 1688 ἔχουσαν
1023 1605 1062 1672 οά
1077 1599 1247 1691 πάρ’βαθεν
1257 1600 1321 1689 μά-

238 1727 312 1788 νον,
338 1696 422 1770 ἀλλά
438 1704 496 1770 καί
516 1703 649 1791 ίηγάθεν
668 1701 856 1789 ἐπιβούλους
873 1705 929 1769 καί
940 1706 1078 1787 μάλιστα
1101 1702 1177 1784 rode
1198 1706 1234 1769 ἐκ
1252 1705 1321 1790 Δή-

239 1811 297 1873 λου
316 1801 545 1880 Σσιιταλιάτας.
596 1805 735 1872 Τοιαῦτα
756 1800 835 1890 πρὸς
853 1801 1022 1872 Μτιενίτον
1039 1799 1204 1884 διεξιόντος
1225 1803 1364 1888 βασι-τά
1486 1880 1487 1887 ρ

209 1906 320 1981 cidere
350 1904 405 1968 καί
424 1906 541 1991 μικράς
563 1897 688 1980 εάνοίας
710 1899 809 1991 χάριν
831 1900 970 1991 μεγάλην
996 1905 1263 1985 κατατιθεμένου,
1292 1899 1322 1968 οἳ

239 2004 301 2086 μὲν
319 1993 410 2067 ἀλλοι
423 1999 535 2080 πάντες
553 2001 795 2089 κατεπλήττοντο
816 2001 873 2090 τὴν
894 2005 970 2088 περὶ
984 2000 1043 2080 τάς
1059 1995 1240 2089 εάερμεσίας
1262 2002 1323 2067 resi

240 2103 397 2185 βασιλέας
411 2105 604 2188 φιλοτιμίαν,
624 2096 675 2167 ὅτι
687 2105 806 2188 μικράς
820 2104 909 2170 ἓνεκα
922 2097 1048 2179 εάνοίας
1060 2099 1220 2187 τοσαάτην
1232 2102 1321 2166 ἀντι-

241 2202 383 2284 παρέσχε
396 2197 511 2287 χάριν,
529 2201 608 2286 μήτε
630 2192 675 2268 ἀν
691 2196 834 2268 ἀνάλωσε
856 2199 1028 2288 χρημάτων
1041 2197 1119 2289 πρὸς
1139 2199 1197 2287 την
1219 2222 1323 2285 παρα-

241 2293 358 2383 σκευὴν
377 2300 438 2363 τοά
458 2298 573 2366 στόλου
598 2303 654 2367 καί
672 2303 728 2388 τῆς
741 2304 953 2387 σονεπομίνης
968 2294 1064 2387 άλλης
1079 2302 1230 2387 στρατιάς
1243 2300 1365 2365 ἀπο-αα

242 2398 447 2483 λογισάμενος
465 2396 502 2465 τά
524 2401 665 2485 πλῆθος,
701 2398 783 2488 μήτε
807 2391 857 2468 οἷν
879 2402 916 2468 ἐκ
937 2399 1023 2469 Χίου
1044 2399 1171 2485 ἔμελλεν
1191 2399 1324 2485 ἐτησίας

242 2496 443 2575 ὃΜπενέτος
469 2492 706 2586 ἀποφέρεσθαι,
736 2503 793 2567 καί
819 2507 942 2583 ταῦτα,
976 2499 1068 2584 άλίμα
1089 2494 1221 2587 ἢοάδεν
1243 2495 1324 2583 πρὸς

242 2593 301 2664 τὸν
321 2592 401 2683 ὑπὲρ
420 2599 475 2684 τῆς
499 2598 585 2665 Χίου
604 2598 742 2683 πόλεμον
764 2595 954 2685 είσενεγκάν.
1000 2603 1155 2690 Μπενάτρι
1177 2599 1214 2665 δὲ
1231 2591 1323 2663 oddae

243 2686 310 2785 ἀρα
327 2687 427 2783 ἢρκει,
442 2691 513 2763 ἀλλ’
529 2691 712 2766 ἀδικεῖσθαι
726 2698 833 2786 dystro
849 2699 905 2766 καί
919 2697 1172 2787 ἀποστερεῖσθαι,
1190 2695 1236 2784 μὴ
1252 2719 1325 2783 μει-

315 2830 355 2887 ι5.
372 2829 503 2900 Σπιτάλη
523 2834 554 2887 in
564 2833 668 2890 Graeco
684 2832 801 2890 barbaro
818 2832 970 2907 hospitium
982 2841 1032 2889 est.
1048 2831 1110 2890 ΕΙ).
1128 2832 1160 2889 P.

243 2988 326 3027 neum
341 2970 396 3026 sibi
410 2970 498 3033 videri
520 2973 652 3044 promissa
670 2971 828 3044 persolvere
844 2978 873 3027 et
891 2971 1002 3027 castello
1023 2977 1120 3042 sponte
1137 2966 1262 3025 dedendo
1277 2966 1326 3024 de·

244 3043 371 3096 claretum
394 3060 503 3112 argare
547 3043 736 3115 repensionem
753 3058 934 3113 compensare.
970 3043 1106 3115 Quocirca
1131 3059 1159 3095 se
1180 3040 1223 3092 illi
1244 3057 1325 3111 prae-

244 3114 376 3168 fecturam
397 3112 461 3168 Chii
483 3061 598 3175 deddrre.
641 3114 768 3186 Cumque
786 3113 890 3167 reditus
919 3115 1025 3166 insulae
1045 3122 1156 3166 centum
1177 3128 1208 3164 ae
1227 3110 1325 3182 viginti

243 3185 364 3237 millium
377 3202 519 3238 aureorum
535 3201 665 3238 summam
681 3185 765 3256 plane
775 3185 951 3249 conficerent,
970 3182 1006 3236 ad
1022 3184 1082 3236 eius
1097 3181 1325 3253 procurationem,

244 3252 281 3309 ad
295 3255 433 3324 praesidia
442 3272 562 3326 ususque
575 3255 751 3320 necessarios,
768 3265 899 3328 quantum
913 3272 942 3308 re
952 3263 1094 3325 perspecta
1108 3252 1206 3306 merito
1222 3250 1327 3322 requiri

266 3333 372 3391 umet,
403 3325 588 3396 impenderet:
624 3325 659 3378 de
683 3327 791 3397 reliquo
819 3323 964 3380 dimidium
987 3342 1072 3378 unum
1095 3325 1126 3376 in
1154 3323 1326 3392 imperatoris

243 3343 340 3450 bocum
352 3397 480 3450 inferret:
498 3395 584 3449 altero
599 3396 659 3465 ipse
673 3394 818 3450 frueretur.
847 3396 883 3448 Et
893 3395 1024 3468 qnoniam
1037 3411 1101 3450 snus
1116 3409 1251 3465 quemque
1266 3391 1326 3444 dies

244 3466 328 3533 latet,
346 3482 464 3537 aequum
478 3483 507 3519 se
520 3474 549 3519 et
564 3467 633 3519 utile
653 3467 803 3533 arbitrari,
820 3482 909 3519 arcem
926 3483 942 3518 a
962 3465 1081 3521 Martiae
1096 3462 1252 3518 inchoatam
1265 3480 1327 3533 per·

244 3537 292 3590 fici
308 3545 338 3591 et
354 3555 370 3589 a
386 3551 415 3588 se
428 3552 490 3588 cum
504 3537 641 3607 praesidio
654 3539 801 3610 occupari3
818 3554 889 3610 quo,
907 3537 931 3589 si
947 3535 1033 3607 quid,
1051 3544 1083 3589 ut
1098 3543 1163 3589 sunt
1176 3551 1219 3587 res
1230 3533 1328 3586 buma-

244 3624 315 3672 nne,
333 3605 387 3659 sibi
411 3605 541 3659 acciderit
560 3616 590 3660 et
608 3609 681 3663 inter
700 3608 826 3661 homines
844 3623 902 3660 esse
923 3606 1052 3672 desierit,
1076 3607 1191 3659 Romani
1216 3603 1327 3667 Chium,

245 3679 291 3730 cui
312 3676 392 3729 multi
412 3685 441 3730 et
453 3676 550 3730 remoti
571 3684 600 3730 et
615 3678 700 3732 vicini
714 3677 928 3750 praesertimque
943 3677 1019 3730 Delii
1035 3677 1239 3748 Hospitalenses
1259 3673 1329 3725 inri-

245 3747 372 3811 dientur,
389 3765 425 3801 ne
440 3749 575 3801 amittant.
611 3746 686 3802 Haec
706 3766 768 3802 cum
786 3749 934 3820 imperator
953 3748 1057 3802 diceret
1075 3763 1214 3819 parvoque
1236 3745 1329 3798 officio

245 3818 321 3873 illius
340 3818 444 3890 ingenti
464 3817 598 3871 beneficio
610 3835 660 3872 suo
677 3819 871 3889 responderet,
897 3818 998 3891 reliqui
1018 3835 1111 3872 omnes
1126 3819 1185 3871 eius
1202 3825 1258 3869 tam
1272 3815 1330 3868 ser-

244 3905 311 3943 vens
324 3888 516 3944 benefaciendi
538 3889 660 3944 studium
679 3890 924 3961 obstupescebant,
948 3888 1057 3961 φαοαάο
1075 3897 1131 3940 tam
1146 3887 1253 3940 modica
1271 3893 1329 3938 tam

244 3960 348 4030 magnis
362 3969 504 4029 pensaret,
524 3978 580 4016 non
596 3968 732 4032 reputans,
750 3978 840 4032 neque
856 3970 971 4032 quantor
984 3967 1107 4029 sumptus
1118 3960 1148 4011 in
1160 3955 1330 4010 aedificanda

245 4029 421 4103 ornandaque
443 4033 528 4085 classe
551 4032 625 4086 etin
652 4031 802 4086 classiarios
826 4032 949 4086 recinet:
976 4045 1066 4100 neque
1091 4046 1173 4102 quam
1199 4026 1329 4098 grandem

244 4102 388 4178 pecuniam
397 4101 559 4157 Benedictus
572 4101 755 4157 anniversarie
766 4109 951 4171 reportaturus
960 4107 1044 4165 ποιεῖ,
1063 4099 1146 4171 idque
1157 4115 1218 4150 cum
1230 4114 1329 4169 parum

246 4183 295 4231 aut
307 4168 380 4231 nibil
393 4172 468 4232 bello
483 4191 534 4250 pro
549 4173 621 4231 Chio
634 4173 839 4232 commodasset.
876 4170 931 4227 Sed
950 4168 1099 4228 benedicto
1117 4168 1190 4226 nibil
1206 4166 1327 4226 ιιιίλίάο·
