3000 4742
255 229 368 315 ,mu
685 229 711 288 1.
743 224 922 293 PONTle
952 250 957 307 ζ
994 250 998 257 ·

261 384 400 470 parebas.
443 383 546 466 Atque
559 380 617 444 hoc
632 383 756 466 quidem
768 386 926 468 propriam
939 342 1097 467 estmagni
1111 382 1279 470 logothetae
1293 391 1346 451 ml·

260 469 427 529 nistciium.
471 466 561 544 Quod
575 478 675 529 autem
690 468 728 528 ad
741 490 807 529 rem
820 468 1032 548 domesticam,
1048 471 1141 551 ipsius
1157 483 1201 531 cst
1215 470 1344 549 efficere,

260 551 344 634 quod
364 554 527 632 imperator
547 551 745 612 mandaverit.
788 550 916 616 Addunt
929 549 980 610 alii
994 572 1057 612 esse
1071 555 1159 613 etiam
1175 553 1346 614 libellorum

141 648 145 659 “
259 637 449 716 magistrum,
464 633 578 693 archivi
594 634 789 715 praefectum,
812 643 865 694 aut
881 633 941 694 tale
956 636 1122 716 quippiam.
1165 632 1347 719 Λαγαθέτρς

260 721 417 799 exponitur
438 737 457 776 a
479 716 659 798 quibusdam
678 720 818 800 magister
839 719 1007 794 rationum,
1029 721 1081 799 qui
1096 740 1238 800 expensas
1255 730 1284 779 et
1304 738 1348 779 rc-

260 800 342 862 ditus
370 810 548 882 computat,
570 822 751 863 oeconomus
779 804 844 863 sive
871 811 1069 885 procurator,
1098 802 1181 883 quod
1203 824 1346 884 magnum

260 893 324 946 erat
339 881 471 945 officium
491 894 521 944 et
537 883 705 964 politicum.

342 966 523 1048 Λογοθέτης
537 966 595 1026 τοῦ
608 966 843 1049 στρατιωτικοῦ,
864 964 1036 1048 logotheta
1053 967 1236 1041 castrensis,
1249 966 1344 1031 Zabl·

262 1051 406 1120 meister,
426 1049 699 1132 Pfiennigmaister,
721 1050 836 1113 Gallice
852 1050 1038 1131 Thresorier
1052 1049 1096 1109 du
1109 1071 1210 1135 comp.

343 1128 579 1212 Καβαλλάριος,
602 1129 808 1195 Caballarius.
849 1127 1006 1211 liassall'
1029 1153 1075 1193 ιον
1096 1144 1264 1215 equestrem
1286 1134 1347 1196 im·

259 1219 405 1299 peraton‘s
422 1219 597 1277 comitatum
612 1214 748 1277 nominat
760 1214 951 1302 Cumpalata.
1021 1238 1039 1275 x
1054 1216 1157 1277 Italico
1169 1217 1259 1279 ducta
1274 1240 1345 1299 vox,

302 1320 338 1361 ae
353 1301 449 1383 ipssa
467 1300 573 1363 Latina
592 1320 667 1361 voce
682 1298 824 1363 manavit.
877 1300 975 1361 Huius
993 1319 1064 1381 ergo
1084 1302 1242 1363 comitatam
1257 1322 1346 1384 prae*

258 1321 355 1445 &aare
377 1380 562 1443 Caballarius
576 1382 635 1444 dici
655 1384 787 1445 videtur.
1207 1430 1211 1440 .

341 1464 454 1547 Μέγας
468 1460 628 1545 nauatae,
650 1467 784 1548 Magnus
803 1467 958 1551 Pappias,
1001 1465 1116 1544 idest,
1137 1484 1263 1550 magnus
1288 1462 1346 1550 pass

259 1547 403 1627 terculus,
424 1570 559 1611 summus
577 1546 628 1609 ille
640 1549 741 1628 iudex,
761 1551 800 1611 ad
819 1571 909 1633 quem
925 1552 1204 1611 commentarienses
1220 1551 1259 1611 de
1281 1548 1346 1632 per·

259 1634 342 1694 sonis
363 1652 484 1693 roomm
503 1642 533 1693 et
546 1652 685 1711 numero,
704 1632 742 1695 de
758 1631 901 1717 qimlitate
913 1632 1102 1713 delictorum,
1123 1631 1161 1693 de
1175 1632 1346 1697 clausomm

259 1714 415 1777 ordinibus
436 1714 546 1776 referre
573 1712 696 1775 debent.
746 1715 782 1777 In
799 1716 889 1799 hanc,
906 1718 1084 1779 senteutiam
1100 1716 1213 1798 accipio
1235 1738 1346 1779 nomen

258 1796 373 1880 Papiae
389 1797 470 1880 apud
480 1798 642 1876 Zonaram,
652 1797 704 1860 ubi
723 1799 761 1860 de
780 1820 815 1860 eo
832 1800 942 1883 agitur,
964 1802 1017 1882 qui
1034 1798 1174 1860 Michaeli
1189 1796 1282 1860 Balbo
1296 1798 1346 1875 ad-

258 1881 340 1941 iutor
355 1880 425 1960 fuit,
446 1889 481 1939 ut
497 1881 632 1939 Leonem
651 1879 820 1942 Armenmn
844 1883 980 1943 emedio
1012 1880 1131 1944 tolleret
1160 1883 1346 1979 imperioque

258 1985 299 2048 1³⁰
341 2043 456 2123 Μέγας
477 2035 776 2124 στρατοπεδάρχης,
796 2044 933 2125 Magnus
955 2056 1132 2107 castrorum
1155 2045 1346 2128 praefectus.

259 2129 317 2190 Est
339 2137 460 2188 curator
481 2147 585 2187 earum
603 2146 716 2205 rerum,
738 2148 816 2209 quae
835 2131 974 2189 exercitui
1000 2138 1071 2189 sunt
1098 2149 1186 2209 opus,
1208 2127 1347 2190 videlicet
1405 2138 1411 2150 “

260 2209 485 2295 alimentorum,
503 2211 771 2271 instrumentomm
791 2221 821 2270 et
834 2213 1067 2272 necessariorum
1082 2213 1237 2289 omnium,
1264 2212 1348 2272 Pro.

260 2293 498 2375 viandmaister.
527 2290 697 2374 Exponitur
710 2295 813 2372 edam,
834 2297 972 2377 princeps
988 2295 1144 2371 exercitus,
1159 2303 1193 2352 ut
1210 2295 1249 2355 sit
1267 2294 1347 2355 idem

261 2376 345 2460 quod
362 2370 594 2459 στραττάρχηςτ
616 2396 688 2436 nam
712 2372 920 2459 στρατόπεδον
946 2376 1108 2459 aliquando
1128 2397 1185 2461 pm
1211 2366 1347 2459 στρατὸς
1401 2418 1406 2441 i

302 2461 394 2520 nitur.

261 2481 302 2545 1³⁰
342 2538 616 2627 Hpooraloydtmp,
640 2539 786 2603 Summus
804 2540 940 2624 equitum
954 2540 1145 2626 praefectus.
1167 2541 1251 2602 Voce
1265 2540 1347 2604 enim
1373 2600 1377 2606 .

261 2613 374 2707 ἄλογον
410 2627 517 2686 Graeci
543 2627 723 2697 recentiores
750 2646 862 2708 equum
891 2635 952 2686 aut.
965 2626 1133 2686 iumentum
1160 2625 1346 2706 significant,

261 2709 339 2771 faeta
360 2730 395 2771 ex
412 2704 547 2787 dito'xov,
568 2730 588 2768 a
611 2706 705 2769 verbo
723 2708 835 2788 balac,
857 2707 938 2790 quod
964 2706 1158 2769 orientalibus
1174 2718 1256 2785 erat,
1279 2712 1348 2769 ire:
1388 2770 1390 2773 .

260 2795 333 2875 quia
350 2794 496 2853 maumus
510 2801 540 2851 et
557 2793 735 2873 praecipuus
748 2792 951 2852 iumentorum
965 2812 1037 2853 usus
1053 2790 1092 2852 ad
1106 2789 1348 2853 commoditatem

260 2876 415 2937 itinerum.
468 2875 586 2936 Turcae
608 2878 697 2934 etiam
721 2872 812 2934 hodie
831 2877 971 2935 nuntium
999 2894 1051 2935 seu
1082 2876 1227 2934 viatorem
1249 2873 1348 2956 appel-

259 2957 325 3020 lant
344 2960 446 3024 Ιιαίαα.
487 2958 534 3018 Ex
549 2953 665 3018 αἰλόκου
681 2958 772 3040 igitur
790 2946 913 3036 ἄλογον,
934 2956 966 3016 id
985 2968 1042 3033 est,
1061 2957 1196 3036 brutum,
1217 2954 1347 3030 κατ’ἔξ-

261 3036 341 3122 αχῆα
359 3046 528 3105 iumentum
550 3051 604 3101 aut
619 3061 733 3123 equus,
755 3051 791 3100 ut
808 3039 874 3100 ltali
889 3040 1005 3117 dicunt,
1026 3040 1059 3108 ta
1078 3039 1176 3103 bestia
1192 3042 1270 3119 ntia,
1289 3059 1347 3121 pro

261 3146 358 3207 equus
377 3148 473 3187 meus.
513 3124 560 3185 Ex
585 3114 700 3203 didyov
718 3122 752 3182 fit
775 3118 920 3203 ἀλόγων,
950 3125 1098 3205 equitatus
1121 3145 1174 3184 seu
1199 3143 1347 3203 equorum

262 3210 435 3291 equitumve
449 3227 602 3273 numerus.
643 3206 818 3270 Praefectus
835 3196 1006 3291 eiloycitoep:
1026 3227 1161 3268 summus
1179 3205 1347 3288 praefectus

261 3288 524 3375 αραταλογάτωρ.

326 3369 633 3454 Σεβαατακράταρ,
662 3371 966 3454 Augustimperator.
1022 3372 1131 3450 Tertia,
1153 3370 1281 3454 dignitas
1310 3367 1350 3430 ab
1406 3400 1413 3409 =

261 3460 454 3541 imperatore,
476 3457 653 3517 Caesariana
670 3458 879 3537 praestantior.
910 3457 993 3515 Dum
1011 3455 1174 3536 imperator
1188 3448 1349 3532 βασιλεὺς,

261 3533 583 3622 σεβαστός,ῑΚαῖσαρ
600 3538 697 3598 dictus
715 3549 772 3616 est,
793 3558 855 3598 uno
875 3537 1040 3620 eodemque
1052 3559 1156 3598 omnes
1170 3536 1226 3596 hos
1245 3534 1350 3597 titulos

262 3626 434 3700 obtinente,
464 3622 623 3704 dignitates
645 3619 749 3682 officiis
781 3642 816 3682 ac
846 3641 909 3681 non
941 3620 1037 3682 titulis
1067 3622 1238 3681 aestimatae
1266 3628 1349 3678 sunt.

261 3708 373 3772 Postea
392 3727 464 3767 vero
491 3708 686 3786 imperatores
709 3703 846 3764 lusemnt
873 3702 980 3781 titulis,
999 3715 1030 3764 et
1050 3702 1210 3765 honoraria
1227 3702 1351 3782 dignita·

261 3803 328 3853 tum
341 3790 465 3850 nomina
480 3790 545 3849 sine
563 3784 667 3848 officiis
684 3788 828 3871 impertiti
847 3798 917 3848 sunt
930 3787 1075 3846 arbitratu
1093 3807 1160 3863 suo,
1174 3796 1209 3845 ut
1222 3785 1351 3865 Curopa·
1442 3846 1448 3859 Ι

261 3874 323 3937 lata
344 3872 392 3934 his
422 3872 523 3933 verbis
546 3869 701 3932 declarat:
745 3869 899 3951 Despota,
919 3869 1161 3947 Sebastocrator,
1184 3870 1293 3928 Caesar
1311 3866 1351 3926 ad

262 3958 381 4019 nullum
397 3948 766 4038 ministerium'tenentur,
787 3955 845 4013 nisi
860 3953 899 4012 ad
920 3974 1071 4012 summum
1099 3950 1229 4034 aliquem
1245 3951 1352 4033 princi·

262 4053 368 4124 patum
381 4040 586 4117 instituantur,
601 4048 675 4119 puta
692 4046 745 4097 aut
760 4035 891 4118 regendo
902 4037 1039 4182 imperio,
1055 4047 1107 4096 aut
1114 4034 1244 4118 gerendo
1257 4031 1350 4093 bello:

962 4142 978 4181 r

263 4125 400 4191 cuiusrei
408 4120 542 4208 exempla
553 4132 623 4221 sant
631 4119 925 4219 apudllicephorum
978 4141 1098 4204 egomm
1108 4140 1198 4202 quam
1212 4115 1352 4201 plurima.
