<?xml version="1.0" encoding="UTF-8"?>
<!DOCTYPE html PUBLIC "-//W3C//DTD XHTML 1.0 Transitional//EN"
    "http://www.w3.org/TR/xhtml1/DTD/xhtml1-transitional.dtd">
<html xmlns="http://www.w3.org/1999/xhtml" xml:lang="en" lang="en">
 <head>
  <title>
</title>
<meta http-equiv="Content-Type" content="text/html;charset=utf-8" />
  <meta name='ocr-system' content='tesseract 3.04.00' />
  <meta name='ocr-capabilities' content='ocr_page ocr_carea ocr_par ocr_line ocrx_word'/>
</head>
<body>
  <div class='ocr_page' id='page_1' title='image "./ioanniscantacuz01joangoog_0558.png"; bbox 0 0 3000 4742; ppageno 0'>
   <div class='ocr_carea' id='block_1_1' title="bbox 263 289 948 401">
    <p class='ocr_par' dir='ltr' id='par_1_1' title="bbox 263 289 948 401">
     <span class='ocr_line' id='line_1_1' title="bbox 263 289 948 401; baseline 0.006 -30"><span class='ocrx_word' id='word_1_1' title='bbox 263 289 348 401; x_wconf 69' lang='grc' dir='ltr'><strong>ἀρα</strong></span> <span class='ocrx_word' id='word_1_2' title='bbox 664 311 948 380; x_wconf 67' lang='lat' dir='ltr'><strong>muriceam</strong></span> 
     </span>
    </p>
   </div>
   <div class='ocr_carea' id='block_1_2' title="bbox 120 455 1488 2339">
    <p class='ocr_par' dir='ltr' id='par_1_2' title="bbox 120 455 1488 2339">
     <span class='ocr_line' id='line_1_2' title="bbox 120 455 1351 552; baseline 0.001 -18"><span class='ocrx_word' id='word_1_3' title='bbox 120 471 312 541; x_wconf 69' lang='lat' dir='ltr'><strong>uersatam</strong></span> <span class='ocrx_word' id='word_1_4' title='bbox 332 467 369 533; x_wconf 83' lang='lat' dir='ltr'><strong>at</strong></span> <span class='ocrx_word' id='word_1_5' title='bbox 388 455 435 532; x_wconf 82' lang='grc' dir='ltr'><strong>ών</strong></span> <span class='ocrx_word' id='word_1_6' title='bbox 455 465 572 544; x_wconf 68' lang='grc' dir='ltr'><strong><em>ἐκεῖνος</em></strong></span> <span class='ocrx_word' id='word_1_7' title='bbox 590 465 692 552; x_wconf 84' lang='grc' dir='ltr'><strong><em>πρόος</em></strong></span> <span class='ocrx_word' id='word_1_8' title='bbox 711 469 850 545; x_wconf 71' lang='grc' dir='ltr'><strong><em>καὶτοῖς</em></strong></span> <span class='ocrx_word' id='word_1_9' title='bbox 869 461 1034 533; x_wconf 73' lang='grc' dir='ltr'><strong><em>ἀδικοῦσιν</em></strong></span> <span class='ocrx_word' id='word_1_10' title='bbox 1053 468 1177 551; x_wconf 73' lang='grc' dir='ltr'><strong><em>ῑτοιμος</em></strong></span> <span class='ocrx_word' id='word_1_11' title='bbox 1196 469 1351 552; x_wconf 78' lang='grc' dir='ltr'><strong><em>παρέχειν</em></strong></span> 
     </span>
     <span class='ocr_line' id='line_1_3' title="bbox 263 559 1353 653; baseline -0.003 -18"><span class='ocrx_word' id='word_1_12' title='bbox 263 564 460 652; x_wconf 86' lang='grc' dir='ltr'><strong><em>συγγνώμην,</em></strong></span> <span class='ocrx_word' id='word_1_13' title='bbox 481 559 520 631; x_wconf 83' lang='grc' dir='ltr'><strong>ἀν</strong></span> <span class='ocrx_word' id='word_1_14' title='bbox 539 568 751 653; x_wconf 83' lang='grc' dir='ltr'><strong><em>παραιτώνται</em></strong></span> <span class='ocrx_word' id='word_1_15' title='bbox 769 564 826 652; x_wconf 87' lang='grc' dir='ltr'><strong>τήν</strong></span> <span class='ocrx_word' id='word_1_16' title='bbox 847 560 953 652; x_wconf 84' lang='grc' dir='ltr'><strong><em>ἀργήν,</em></strong></span> <span class='ocrx_word' id='word_1_17' title='bbox 973 568 1029 631; x_wconf 72' lang='grc' dir='ltr'><strong><em>κατ’</em></strong></span> <span class='ocrx_word' id='word_1_18' title='bbox 1045 561 1121 649; x_wconf 72' lang='grc' dir='ltr'><strong><em>ὗμιν</em></strong></span> <span class='ocrx_word' id='word_1_19' title='bbox 1134 568 1353 650; x_wconf 77' lang='grc' dir='ltr'><strong><em>συγγνώσεται</em></strong></span> 
     </span>
     <span class='ocr_line' id='line_1_4' title="bbox 266 662 1354 755; baseline 0 -25"><span class='ocrx_word' id='word_1_20' title='bbox 266 666 397 755; x_wconf 75' lang='grc' dir='ltr'><strong><em>ῥηιδίως,</em></strong></span> <span class='ocrx_word' id='word_1_21' title='bbox 417 662 472 730; x_wconf 78' lang='grc' dir='ltr'><strong><em>καί</em></strong></span> <span class='ocrx_word' id='word_1_22' title='bbox 492 665 572 748; x_wconf 75' lang='grc' dir='ltr'><strong><em>ἐμοῦ</em></strong></span> <span class='ocrx_word' id='word_1_23' title='bbox 591 662 671 751; x_wconf 89' lang='grc' dir='ltr'><strong><em>πρός</em></strong></span> <span class='ocrx_word' id='word_1_24' title='bbox 689 667 783 731; x_wconf 71' lang='grc' dir='ltr'><strong><em>τοῦτο</em></strong></span> <span class='ocrx_word' id='word_1_25' title='bbox 802 668 941 749; x_wconf 71' lang='grc' dir='ltr'><strong><em>μάλιστα</em></strong></span> <span class='ocrx_word' id='word_1_26' title='bbox 958 664 1130 749; x_wconf 72' lang='grc' dir='ltr'><strong><em>ἐνάγοντος.</em></strong></span> <span class='ocrx_word' id='word_1_27' title='bbox 1163 662 1291 730; x_wconf 61' lang='lat' dir='ltr'><strong>tulate</strong></span> <span class='ocrx_word' id='word_1_28' title='bbox 1311 667 1354 730; x_wconf 76' lang='lat' dir='ltr'><strong>at</strong></span> 
     </span>
     <span class='ocr_line' id='line_1_5' title="bbox 261 758 1353 850; baseline -0.001 -21"><span class='ocrx_word' id='word_1_29' title='bbox 261 763 320 849; x_wconf 88' lang='grc' dir='ltr'><strong>τήν</strong></span> <span class='ocrx_word' id='word_1_30' title='bbox 338 764 492 849; x_wconf 77' lang='grc' dir='ltr'><strong><em>βασιλέως</em></strong></span> <span class='ocrx_word' id='word_1_31' title='bbox 505 763 722 848; x_wconf 63' lang='grc' dir='ltr'><strong><em>ἐκμειλιῗησθε</em></strong></span> <span class='ocrx_word' id='word_1_32' title='bbox 737 758 845 850; x_wconf 84' lang='grc' dir='ltr'><strong><em>ἀργήν,</em></strong></span> <span class='ocrx_word' id='word_1_33' title='bbox 865 762 922 829; x_wconf 86' lang='grc' dir='ltr'><strong>τόν</strong></span> <span class='ocrx_word' id='word_1_34' title='bbox 938 765 1037 830; x_wconf 75' lang='grc' dir='ltr'><strong><em>παῖδα</em></strong></span> <span class='ocrx_word' id='word_1_35' title='bbox 1049 761 1197 850; x_wconf 84' lang='grc' dir='ltr'><strong><em>Σορχάνη</em></strong></span> <span class='ocrx_word' id='word_1_36' title='bbox 1212 762 1267 828; x_wconf 71' lang='grc' dir='ltr'><strong><em>κατ’</em></strong></span> <span class='ocrx_word' id='word_1_37' title='bbox 1284 765 1353 828; x_wconf 78' lang='grc' dir='ltr'><strong>τών</strong></span> 
     </span>
     <span class='ocr_line' id='line_1_6' title="bbox 261 855 1488 950; baseline 0 -21"><span class='ocrx_word' id='word_1_38' title='bbox 261 855 522 948; x_wconf 80' lang='grc' dir='ltr'><strong><em>ἀλλανΠερσών,</em></strong></span> <span class='ocrx_word' id='word_1_39' title='bbox 537 861 568 926; x_wconf 81' lang='grc' dir='ltr'><strong>οἵ</strong></span> <span class='ocrx_word' id='word_1_40' title='bbox 580 863 614 926; x_wconf 80' lang='grc' dir='ltr'><strong>ἐν</strong></span> <span class='ocrx_word' id='word_1_41' title='bbox 629 860 757 947; x_wconf 84' lang='grc' dir='ltr'><strong><em>όμήρων</em></strong></span> <span class='ocrx_word' id='word_1_42' title='bbox 768 861 970 950; x_wconf 80' lang='grc' dir='ltr'><strong><em>προσχήματι</em></strong></span> <span class='ocrx_word' id='word_1_43' title='bbox 985 865 1203 950; x_wconf 76' lang='grc' dir='ltr'><strong><em>φρουροῦνται</em></strong></span> <span class='ocrx_word' id='word_1_44' title='bbox 1218 866 1294 948; x_wconf 86' lang='grc' dir='ltr'><strong><em>παρ’</em></strong></span> <span class='ocrx_word' id='word_1_45' title='bbox 1308 860 1373 929; x_wconf 61' lang='grc' dir='ltr'><em>Μ</em></span> <span class='ocrx_word' id='word_1_46' title='bbox 1487 868 1488 883; x_wconf 70' lang='grc'>’</span> 
     </span>
     <span class='ocr_line' id='line_1_7' title="bbox 260 955 1350 1052; baseline 0.002 -26"><span class='ocrx_word' id='word_1_47' title='bbox 260 969 326 1046; x_wconf 75' lang='grc' dir='ltr'><strong><em>μίν,</em></strong></span> <span class='ocrx_word' id='word_1_48' title='bbox 345 957 492 1044; x_wconf 77' lang='grc' dir='ltr'><strong>λαβόντες</strong></span> <span class='ocrx_word' id='word_1_49' title='bbox 511 955 615 1052; x_wconf 71' lang='grc' dir='ltr'><strong><em>ὥσπερ</em></strong></span> <span class='ocrx_word' id='word_1_50' title='bbox 637 962 725 1049; x_wconf 81' lang='grc' dir='ltr'><strong><em>δώρα</em></strong></span> <span class='ocrx_word' id='word_1_51' title='bbox 745 960 978 1048; x_wconf 88' lang='grc' dir='ltr'><strong><em>προσκομίσατε</em></strong></span> <span class='ocrx_word' id='word_1_52' title='bbox 996 963 1041 1050; x_wconf 73' lang='grc' dir='ltr'><strong><em>τῷ</em></strong></span> <span class='ocrx_word' id='word_1_53' title='bbox 1059 966 1188 1044; x_wconf 70' lang='grc' dir='ltr'><strong><em>βασιλεῖ</em></strong></span> <span class='ocrx_word' id='word_1_54' title='bbox 1202 960 1258 1027; x_wconf 75' lang='grc' dir='ltr'><strong><em>καὶ</em></strong></span> <span class='ocrx_word' id='word_1_55' title='bbox 1275 965 1350 1028; x_wconf 76' lang='grc' dir='ltr'><strong><em>Μι-</em></strong></span> 
     </span>
     <span class='ocr_line' id='line_1_8' title="bbox 259 1054 1350 1148; baseline 0.002 -23"><span class='ocrx_word' id='word_1_56' title='bbox 259 1057 397 1145; x_wconf 80' lang='grc' dir='ltr'><strong><em>τυλήνην</em></strong></span> <span class='ocrx_word' id='word_1_57' title='bbox 409 1062 464 1123; x_wconf 82' lang='grc' dir='ltr'><strong><em>καί</em></strong></span> <span class='ocrx_word' id='word_1_58' title='bbox 476 1055 629 1126; x_wconf 86' lang='grc' dir='ltr'><strong><em>Φώκαιαν</em></strong></span> <span class='ocrx_word' id='word_1_59' title='bbox 641 1060 808 1148; x_wconf 80' lang='grc' dir='ltr'><strong><em>παράδοτε.</em></strong></span> <span class='ocrx_word' id='word_1_60' title='bbox 828 1054 968 1136; x_wconf 84' lang='grc' dir='ltr'><strong><em>κάκεῖνος</em></strong></span> <span class='ocrx_word' id='word_1_61' title='bbox 979 1055 1184 1143; x_wconf 78' lang='grc' dir='ltr'><strong><em>ἀμειβόμενος</em></strong></span> <span class='ocrx_word' id='word_1_62' title='bbox 1194 1060 1278 1143; x_wconf 76' lang='grc' dir='ltr'><strong><em>ἀμοῖς</em></strong></span> <span class='ocrx_word' id='word_1_63' title='bbox 1290 1063 1350 1147; x_wconf 82' lang='grc' dir='ltr'><strong>τῆς</strong></span> 
     </span>
     <span class='ocr_line' id='line_1_9' title="bbox 229 1153 1350 1247; baseline -0.004 -18"><span class='ocrx_word' id='word_1_64' title='bbox 229 1159 390 1238; x_wconf 80' lang='grc' dir='ltr'><strong><em>Βεάνοίας</em></strong></span> <span class='ocrx_word' id='word_1_65' title='bbox 408 1161 498 1224; x_wconf 77' lang='grc' dir='ltr'><strong><em>ἓνεκα</em></strong></span> <span class='ocrx_word' id='word_1_66' title='bbox 512 1161 569 1245; x_wconf 82' lang='grc' dir='ltr'><strong>τῆς</strong></span> <span class='ocrx_word' id='word_1_67' title='bbox 590 1154 670 1245; x_wconf 87' lang='grc' dir='ltr'><strong><em>πρός</em></strong></span> <span class='ocrx_word' id='word_1_68' title='bbox 689 1153 806 1242; x_wconf 81' lang='grc' dir='ltr'><strong><em>αάτόν,</em></strong></span> <span class='ocrx_word' id='word_1_69' title='bbox 825 1157 905 1242; x_wconf 72' lang='grc' dir='ltr'><strong><em>μετὰ</em></strong></span> <span class='ocrx_word' id='word_1_70' title='bbox 926 1162 981 1246; x_wconf 87' lang='grc' dir='ltr'><strong>τής</strong></span> <span class='ocrx_word' id='word_1_71' title='bbox 999 1156 1203 1246; x_wconf 83' lang='grc' dir='ltr'><strong><em>συγγνώμης,</em></strong></span> <span class='ocrx_word' id='word_1_72' title='bbox 1224 1157 1264 1247; x_wconf 79' lang='grc' dir='ltr'><strong>ἢν</strong></span> <span class='ocrx_word' id='word_1_73' title='bbox 1283 1185 1350 1226; x_wconf 91' lang='grc' dir='ltr'><strong><em>πα-</em></strong></span> 
     </span>
     <span class='ocr_line' id='line_1_10' title="bbox 262 1255 1349 1346; baseline 0.001 -23"><span class='ocrx_word' id='word_1_74' title='bbox 262 1260 399 1346; x_wconf 75' lang='grc' dir='ltr'><strong><em>ρίξεται,</em></strong></span> <span class='ocrx_word' id='word_1_75' title='bbox 420 1261 477 1324; x_wconf 79' lang='grc' dir='ltr'><strong><em>καί</em></strong></span> <span class='ocrx_word' id='word_1_76' title='bbox 492 1256 531 1325; x_wconf 89' lang='grc' dir='ltr'><strong><em>τό</em></strong></span> <span class='ocrx_word' id='word_1_77' title='bbox 551 1282 585 1325; x_wconf 85' lang='grc' dir='ltr'><strong>τε</strong></span> <span class='ocrx_word' id='word_1_78' title='bbox 604 1258 806 1325; x_wconf 82' lang='grc' dir='ltr'><strong><em>ἀναλαθέντα</em></strong></span> <span class='ocrx_word' id='word_1_79' title='bbox 824 1255 978 1346; x_wconf 85' lang='grc' dir='ltr'><strong><em>χρήματα</em></strong></span> <span class='ocrx_word' id='word_1_80' title='bbox 999 1259 1045 1335; x_wconf 78' lang='grc' dir='ltr'><strong>είς</strong></span> <span class='ocrx_word' id='word_1_81' title='bbox 1063 1255 1116 1324; x_wconf 85' lang='grc' dir='ltr'><strong>τόν</strong></span> <span class='ocrx_word' id='word_1_82' title='bbox 1134 1256 1270 1342; x_wconf 80' lang='grc' dir='ltr'><strong><em>πόλεμον</em></strong></span> <span class='ocrx_word' id='word_1_83' title='bbox 1289 1256 1349 1324; x_wconf 84' lang='grc' dir='ltr'><strong>τόν</strong></span> 
     </span>
     <span class='ocr_line' id='line_1_11' title="bbox 261 1354 1391 1444; baseline -0.004 -21"><span class='ocrx_word' id='word_1_84' title='bbox 261 1362 338 1423; x_wconf 83' lang='grc' dir='ltr'><strong><em>καθ’</em></strong></span> <span class='ocrx_word' id='word_1_85' title='bbox 358 1354 448 1441; x_wconf 80' lang='grc' dir='ltr'><strong><em>όμών</em></strong></span> <span class='ocrx_word' id='word_1_86' title='bbox 468 1355 524 1423; x_wconf 77' lang='grc' dir='ltr'><strong><em>καὶ</em></strong></span> <span class='ocrx_word' id='word_1_87' title='bbox 542 1354 566 1423; x_wconf 82' lang='grc' dir='ltr'><strong><em>ἀ</em></strong></span> <span class='ocrx_word' id='word_1_88' title='bbox 582 1355 774 1444; x_wconf 70' lang='grc' dir='ltr'><strong><em>ἐζημιώσατε</em></strong></span> <span class='ocrx_word' id='word_1_89' title='bbox 796 1356 968 1442; x_wconf 77' lang='grc' dir='ltr'><strong><em>Λεσβίους,</em></strong></span> <span class='ocrx_word' id='word_1_90' title='bbox 988 1355 1012 1423; x_wconf 84' lang='grc' dir='ltr'><strong><em>ἀ</em></strong></span> <span class='ocrx_word' id='word_1_91' title='bbox 1031 1354 1068 1422; x_wconf 90' lang='grc' dir='ltr'><strong><em>τό</em></strong></span> <span class='ocrx_word' id='word_1_92' title='bbox 1089 1354 1193 1424; x_wconf 89' lang='grc' dir='ltr'><strong><em>κοινόν</em></strong></span> <span class='ocrx_word' id='word_1_93' title='bbox 1212 1362 1244 1426; x_wconf 90' lang='grc' dir='ltr'><strong><em>Γ</em></strong></span> <span class='ocrx_word' id='word_1_94' title='bbox 1241 1355 1391 1424; x_wconf 79' lang='lat' dir='ltr'><strong>errori-ro</strong></span> 
     </span>
     <span class='ocr_line' id='line_1_12' title="bbox 261 1452 1349 1544; baseline 0.002 -23"><span class='ocrx_word' id='word_1_95' title='bbox 261 1480 302 1532; x_wconf 85' lang='grc' dir='ltr'><strong>ας</strong></span> <span class='ocrx_word' id='word_1_96' title='bbox 328 1458 365 1521; x_wconf 73' lang='grc' dir='ltr'><strong>ἔκ</strong></span> <span class='ocrx_word' id='word_1_97' title='bbox 392 1459 456 1523; x_wconf 87' lang='grc' dir='ltr'><strong>τών</strong></span> <span class='ocrx_word' id='word_1_98' title='bbox 485 1456 646 1544; x_wconf 72' lang='grc' dir='ltr'><strong><em>ὑμετέροιν</em></strong></span> <span class='ocrx_word' id='word_1_99' title='bbox 673 1455 839 1543; x_wconf 76' lang='grc' dir='ltr'><strong><em>κτημάτων</em></strong></span> <span class='ocrx_word' id='word_1_100' title='bbox 867 1456 947 1522; x_wconf 87' lang='grc' dir='ltr'><strong><em>κατό</em></strong></span> <span class='ocrx_word' id='word_1_101' title='bbox 967 1454 1026 1534; x_wconf 83' lang='grc' dir='ltr'><strong>τάς</strong></span> <span class='ocrx_word' id='word_1_102' title='bbox 1047 1456 1208 1543; x_wconf 77' lang='grc' dir='ltr'><strong><em>συνθήκας</em></strong></span> <span class='ocrx_word' id='word_1_103' title='bbox 1228 1452 1349 1543; x_wconf 58' lang='lat' dir='ltr'><strong>matter</strong></span> 
     </span>
     <span class='ocr_line' id='line_1_13' title="bbox 261 1548 1350 1642; baseline 0 -22"><span class='ocrx_word' id='word_1_104' title='bbox 261 1555 431 1639; x_wconf 80' lang='grc' dir='ltr'><strong><em>ἀποτίνειν,</em></strong></span> <span class='ocrx_word' id='word_1_105' title='bbox 449 1564 622 1642; x_wconf 73' lang='grc' dir='ltr'><strong><em>χαριεῖται.</em></strong></span> <span class='ocrx_word' id='word_1_106' title='bbox 646 1554 684 1620; x_wconf 75' lang='grc' dir='ltr'><strong>οὗ</strong></span> <span class='ocrx_word' id='word_1_107' title='bbox 703 1554 769 1641; x_wconf 86' lang='grc' dir='ltr'><strong>μήν</strong></span> <span class='ocrx_word' id='word_1_108' title='bbox 788 1548 869 1621; x_wconf 78' lang='grc' dir='ltr'><strong>ἀλλά</strong></span> <span class='ocrx_word' id='word_1_109' title='bbox 888 1554 944 1621; x_wconf 77' lang='grc' dir='ltr'><strong><em>καὶ</em></strong></span> <span class='ocrx_word' id='word_1_110' title='bbox 958 1558 1128 1638; x_wconf 80' lang='grc' dir='ltr'><strong><em>πολεμίους</em></strong></span> <span class='ocrx_word' id='word_1_111' title='bbox 1148 1556 1350 1640; x_wconf 84' lang='grc' dir='ltr'><strong><em>ἀναγεγραμ-</em></strong></span> 
     </span>
     <span class='ocr_line' id='line_1_14' title="bbox 256 1647 1350 1743; baseline 0 -25"><span class='ocrx_word' id='word_1_112' title='bbox 256 1657 373 1737; x_wconf 74' lang='grc' dir='ltr'><strong><em>μένους</em></strong></span> <span class='ocrx_word' id='word_1_113' title='bbox 390 1657 434 1743; x_wconf 73' lang='grc' dir='ltr'><strong><em>τῷ</em></strong></span> <span class='ocrx_word' id='word_1_114' title='bbox 448 1656 542 1743; x_wconf 77' lang='grc' dir='ltr'><strong><em>κοινῷ</em></strong></span> <span class='ocrx_word' id='word_1_115' title='bbox 561 1652 617 1719; x_wconf 78' lang='grc' dir='ltr'><strong><em>καί</em></strong></span> <span class='ocrx_word' id='word_1_116' title='bbox 630 1651 719 1730; x_wconf 80' lang='grc' dir='ltr'><strong><em>δάιας</em></strong></span> <span class='ocrx_word' id='word_1_117' title='bbox 738 1647 922 1740; x_wconf 79' lang='grc' dir='ltr'><strong><em>ὀφείλοντας</em></strong></span> <span class='ocrx_word' id='word_1_118' title='bbox 936 1657 994 1740; x_wconf 86' lang='grc' dir='ltr'><strong>τής</strong></span> <span class='ocrx_word' id='word_1_119' title='bbox 1009 1654 1168 1738; x_wconf 86' lang='grc' dir='ltr'><strong><em>ἀπιστίας,</em></strong></span> <span class='ocrx_word' id='word_1_120' title='bbox 1188 1652 1350 1719; x_wconf 77' lang='grc' dir='ltr'><strong><em>ἀπάθειαν</em></strong></span> 
     </span>
     <span class='ocr_line' id='line_1_15' title="bbox 260 1748 1350 1842; baseline -0.001 -24"><span class='ocrx_word' id='word_1_121' title='bbox 260 1752 604 1839; x_wconf 81' lang='grc' dir='ltr'><strong><em>κακώνκαταπράξεται</em></strong></span> <span class='ocrx_word' id='word_1_122' title='bbox 619 1748 717 1837; x_wconf 80' lang='grc' dir='ltr'><strong><em>όμῖν,</em></strong></span> <span class='ocrx_word' id='word_1_123' title='bbox 737 1752 776 1841; x_wconf 76' lang='grc' dir='ltr'><strong><em>τῇ</em></strong></span> <span class='ocrx_word' id='word_1_124' title='bbox 794 1755 895 1842; x_wconf 78' lang='grc' dir='ltr'><strong><em>βουλῇ</em></strong></span> <span class='ocrx_word' id='word_1_125' title='bbox 914 1751 1100 1841; x_wconf 76' lang='grc' dir='ltr'><strong><em>συγγνώμην</em></strong></span> <span class='ocrx_word' id='word_1_126' title='bbox 1119 1752 1267 1831; x_wconf 85' lang='grc' dir='ltr'><strong><em>κελεόσας</em></strong></span> <span class='ocrx_word' id='word_1_127' title='bbox 1283 1778 1350 1818; x_wconf 89' lang='grc' dir='ltr'><strong><em>πα-</em></strong></span> 
     </span>
     <span class='ocr_line' id='line_1_16' title="bbox 162 1845 1389 1943; baseline 0.002 -28"><span class='ocrx_word' id='word_1_128' title='bbox 162 1859 403 1943; x_wconf 50' lang='lat' dir='ltr'><strong>Mopsopio,</strong></span> <span class='ocrx_word' id='word_1_129' title='bbox 425 1845 503 1917; x_wconf 84' lang='grc' dir='ltr'><strong><em>ώστε</em></strong></span> <span class='ocrx_word' id='word_1_130' title='bbox 523 1846 624 1930; x_wconf 80' lang='grc' dir='ltr'><strong><em>ἀδειός</em></strong></span> <span class='ocrx_word' id='word_1_131' title='bbox 643 1853 739 1919; x_wconf 82' lang='grc' dir='ltr'><strong><em>πόλιν</em></strong></span> <span class='ocrx_word' id='word_1_132' title='bbox 757 1851 1021 1936; x_wconf 70' lang='grc' dir='ltr'><strong><em>ἐμπολιτεύεσθαι</em></strong></span> <span class='ocrx_word' id='word_1_133' title='bbox 1040 1852 1151 1929; x_wconf 76' lang='grc' dir='ltr'><strong><em>αάτοῖς</em></strong></span> <span class='ocrx_word' id='word_1_134' title='bbox 1170 1852 1389 1939; x_wconf 69' lang='grc' dir='ltr'><strong><em>ἀποπερηιὸ</em></strong></span> 
     </span>
     <span class='ocr_line' id='line_1_17' title="bbox 257 1948 1347 2038; baseline 0 -22"><span class='ocrx_word' id='word_1_135' title='bbox 257 1952 373 2027; x_wconf 78' lang='grc' dir='ltr'><strong><em>θέντας</em></strong></span> <span class='ocrx_word' id='word_1_136' title='bbox 390 1952 455 2016; x_wconf 84' lang='grc' dir='ltr'><strong>τών</strong></span> <span class='ocrx_word' id='word_1_137' title='bbox 480 1951 602 2016; x_wconf 76' lang='grc' dir='ltr'><strong><em>οἶκειόον</em></strong></span> <span class='ocrx_word' id='word_1_138' title='bbox 619 1952 763 2038; x_wconf 79' lang='grc' dir='ltr'><strong><em>μηδενός.</em></strong></span> <span class='ocrx_word' id='word_1_139' title='bbox 794 1949 870 2038; x_wconf 90' lang='grc' dir='ltr'><strong><em>πρός</em></strong></span> <span class='ocrx_word' id='word_1_140' title='bbox 893 1948 1018 2029; x_wconf 74' lang='grc' dir='ltr'><strong><em>τούτοις</em></strong></span> <span class='ocrx_word' id='word_1_141' title='bbox 1050 1953 1086 2018; x_wconf 79' lang='lat' dir='ltr'><strong>ali</strong></span> <span class='ocrx_word' id='word_1_142' title='bbox 1114 1949 1171 2016; x_wconf 85' lang='grc' dir='ltr'><strong><em>καί</em></strong></span> <span class='ocrx_word' id='word_1_143' title='bbox 1195 1951 1347 2030; x_wconf 64' lang='lat' dir='ltr'><strong>monache</strong></span> 
     </span>
     <span class='ocr_line' id='line_1_18' title="bbox 257 2042 1348 2138; baseline 0 -24"><span class='ocrx_word' id='word_1_144' title='bbox 257 2042 364 2136; x_wconf 76' lang='grc' dir='ltr'><strong><em>ὥσπερ</em></strong></span> <span class='ocrx_word' id='word_1_145' title='bbox 384 2047 539 2137; x_wconf 89' lang='grc' dir='ltr'><strong><em>πρότερον</em></strong></span> <span class='ocrx_word' id='word_1_146' title='bbox 558 2048 615 2117; x_wconf 80' lang='grc' dir='ltr'><strong><em>καί</em></strong></span> <span class='ocrx_word' id='word_1_147' title='bbox 625 2046 723 2130; x_wconf 71' lang='grc' dir='ltr'><strong><em>αὖθις</em></strong></span> <span class='ocrx_word' id='word_1_148' title='bbox 743 2044 856 2137; x_wconf 79' lang='grc' dir='ltr'><strong><em>ἀρχειν</em></strong></span> <span class='ocrx_word' id='word_1_149' title='bbox 871 2051 1044 2138; x_wconf 77' lang='grc' dir='ltr'><strong><em>ἐπιτρέψει,</em></strong></span> <span class='ocrx_word' id='word_1_150' title='bbox 1065 2048 1111 2126; x_wconf 88' lang='grc' dir='ltr'><strong>ώς</strong></span> <span class='ocrx_word' id='word_1_151' title='bbox 1129 2046 1266 2136; x_wconf 76' lang='grc' dir='ltr'><strong><em>ἀπηκόου</em></strong></span> <span class='ocrx_word' id='word_1_152' title='bbox 1285 2052 1348 2132; x_wconf 77' lang='grc' dir='ltr'><strong>μὲν</strong></span> 
     </span>
     <span class='ocr_line' id='line_1_19' title="bbox 252 2140 1348 2236; baseline -0.002 -22"><span class='ocrx_word' id='word_1_153' title='bbox 252 2147 422 2231; x_wconf 81' lang='grc' dir='ltr'><strong><em>Ῥωμαίοις</em></strong></span> <span class='ocrx_word' id='word_1_154' title='bbox 435 2141 541 2236; x_wconf 83' lang='grc' dir='ltr'><strong><em>οόσης,</em></strong></span> <span class='ocrx_word' id='word_1_155' title='bbox 551 2150 628 2233; x_wconf 70' lang='lat' dir='ltr'><strong>ripis</strong></span> <span class='ocrx_word' id='word_1_156' title='bbox 641 2151 678 2216; x_wconf 77' lang='grc' dir='ltr'><strong>δὲ</strong></span> <span class='ocrx_word' id='word_1_157' title='bbox 688 2152 878 2236; x_wconf 78' lang='grc' dir='ltr'><strong><em>παρέχοντος</em></strong></span> <span class='ocrx_word' id='word_1_158' title='bbox 891 2152 1047 2234; x_wconf 80' lang='grc' dir='ltr'><strong><em>βασιλέως</em></strong></span> <span class='ocrx_word' id='word_1_159' title='bbox 1060 2148 1118 2235; x_wconf 88' lang='grc' dir='ltr'><strong>τήν</strong></span> <span class='ocrx_word' id='word_1_160' title='bbox 1128 2143 1240 2235; x_wconf 86' lang='grc' dir='ltr'><strong><em>ἀρχήν,</em></strong></span> <span class='ocrx_word' id='word_1_161' title='bbox 1250 2140 1348 2235; x_wconf 81' lang='grc' dir='ltr'><strong><em>ἀχρις</em></strong></span> 
     </span>
     <span class='ocr_line' id='line_1_20' title="bbox 157 2240 1348 2339; baseline -0.001 -25"><span class='ocrx_word' id='word_1_162' title='bbox 157 2262 185 2314; x_wconf 84' lang='grc' dir='ltr'><strong>Ρ.</strong></span> <span class='ocrx_word' id='word_1_163' title='bbox 194 2240 297 2320; x_wconf 83' lang='grc' dir='ltr'><strong><em>3οοόν</em></strong></span> <span class='ocrx_word' id='word_1_164' title='bbox 313 2244 411 2326; x_wconf 82' lang='grc' dir='ltr'><strong><em>αάτός</em></strong></span> <span class='ocrx_word' id='word_1_165' title='bbox 424 2252 528 2339; x_wconf 74' lang='grc' dir='ltr'><strong><em>ἐθέλῃ.</em></strong></span> <span class='ocrx_word' id='word_1_166' title='bbox 549 2248 606 2314; x_wconf 78' lang='grc' dir='ltr'><strong><em>καί</em></strong></span> <span class='ocrx_word' id='word_1_167' title='bbox 619 2247 757 2327; x_wconf 76' lang='grc' dir='ltr'><strong><em>σπονδάς</em></strong></span> <span class='ocrx_word' id='word_1_168' title='bbox 769 2249 846 2333; x_wconf 71' lang='grc' dir='ltr'><strong><em>ὑμῖν</em></strong></span> <span class='ocrx_word' id='word_1_169' title='bbox 857 2247 937 2338; x_wconf 90' lang='grc' dir='ltr'><strong><em>πρός</em></strong></span> <span class='ocrx_word' id='word_1_170' title='bbox 952 2250 1123 2337; x_wconf 84' lang='grc' dir='ltr'><strong><em>Σαρχάνην</em></strong></span> <span class='ocrx_word' id='word_1_171' title='bbox 1135 2247 1242 2333; x_wconf 87' lang='grc' dir='ltr'><strong><em>θήσει,</em></strong></span> <span class='ocrx_word' id='word_1_172' title='bbox 1262 2242 1348 2313; x_wconf 76' lang='grc' dir='ltr'><strong><em>ὥστε</em></strong></span> 
     </span>
    </p>
   </div>
   <div class='ocr_carea' id='block_1_3' title="bbox 255 2340 1390 2536">
    <p class='ocr_par' dir='ltr' id='par_1_3' title="bbox 255 2340 1390 2536">
     <span class='ocr_line' id='line_1_21' title="bbox 255 2340 1390 2438; baseline -0.004 -25"><span class='ocrx_word' id='word_1_173' title='bbox 255 2349 312 2414; x_wconf 76' lang='grc' dir='ltr'><strong><em>καί</em></strong></span> <span class='ocrx_word' id='word_1_174' title='bbox 327 2340 423 2424; x_wconf 75' lang='grc' dir='ltr'><strong><em>αὖθις</em></strong></span> <span class='ocrx_word' id='word_1_175' title='bbox 436 2346 494 2423; x_wconf 85' lang='grc' dir='ltr'><strong>τός</strong></span> <span class='ocrx_word' id='word_1_176' title='bbox 506 2346 692 2434; x_wconf 78' lang='grc' dir='ltr'><strong><em>προσόδους,</em></strong></span> <span class='ocrx_word' id='word_1_177' title='bbox 712 2347 753 2428; x_wconf 84' lang='grc' dir='ltr'><strong>ἀς</strong></span> <span class='ocrx_word' id='word_1_178' title='bbox 766 2352 822 2415; x_wconf 75' lang='grc' dir='ltr'><strong><em>καί</em></strong></span> <span class='ocrx_word' id='word_1_179' title='bbox 838 2349 991 2438; x_wconf 87' lang='grc' dir='ltr'><strong><em>πρότερον</em></strong></span> <span class='ocrx_word' id='word_1_180' title='bbox 1011 2347 1128 2433; x_wconf 84' lang='grc' dir='ltr'><strong><em>εἴχετε,</em></strong></span> <span class='ocrx_word' id='word_1_181' title='bbox 1148 2349 1184 2414; x_wconf 72' lang='grc' dir='ltr'><strong>ἐκ</strong></span> <span class='ocrx_word' id='word_1_182' title='bbox 1201 2350 1259 2434; x_wconf 84' lang='grc' dir='ltr'><strong>τῆς</strong></span> <span class='ocrx_word' id='word_1_183' title='bbox 1276 2347 1390 2433; x_wconf 67' lang='grc' dir='ltr'><strong><em>χώεο</em></strong></span> 
     </span>
     <span class='ocr_line' id='line_1_22' title="bbox 256 2447 1347 2536; baseline 0.002 -25"><span class='ocrx_word' id='word_1_184' title='bbox 256 2471 316 2533; x_wconf 88' lang='grc' dir='ltr'><strong>ρας</strong></span> <span class='ocrx_word' id='word_1_185' title='bbox 330 2451 387 2533; x_wconf 82' lang='grc' dir='ltr'><strong>τῆς</strong></span> <span class='ocrx_word' id='word_1_186' title='bbox 400 2447 498 2512; x_wconf 70' lang='lat' dir='ltr'><strong>usitari</strong></span> <span class='ocrx_word' id='word_1_187' title='bbox 512 2451 722 2533; x_wconf 71' lang='grc' dir='ltr'><strong><em>καρποῦσθαι.</em></strong></span> <span class='ocrx_word' id='word_1_188' title='bbox 743 2449 799 2514; x_wconf 81' lang='grc' dir='ltr'><strong><em>καί</em></strong></span> <span class='ocrx_word' id='word_1_189' title='bbox 809 2448 889 2515; x_wconf 88' lang='grc' dir='ltr'><strong><em>κατά</em></strong></span> <span class='ocrx_word' id='word_1_190' title='bbox 904 2451 1009 2527; x_wconf 87' lang='grc' dir='ltr'><strong><em>πόσας</em></strong></span> <span class='ocrx_word' id='word_1_191' title='bbox 1021 2450 1136 2536; x_wconf 87' lang='grc' dir='ltr'><strong><em>νήσους</em></strong></span> <span class='ocrx_word' id='word_1_192' title='bbox 1150 2448 1205 2514; x_wconf 76' lang='grc' dir='ltr'><strong><em>καί</em></strong></span> <span class='ocrx_word' id='word_1_193' title='bbox 1217 2447 1274 2527; x_wconf 84' lang='grc' dir='ltr'><strong><em>τοὶς</em></strong></span> <span class='ocrx_word' id='word_1_194' title='bbox 1285 2451 1347 2514; x_wconf 87' lang='grc' dir='ltr'><strong>πό-</strong></span> 
     </span>
    </p>
   </div>
   <div class='ocr_carea' id='block_1_4' title="bbox 257 2544 1347 2834">
    <p class='ocr_par' dir='ltr' id='par_1_4' title="bbox 257 2544 1347 2834">
     <span class='ocr_line' id='line_1_23' title="bbox 259 2544 1347 2634; baseline 0.003 -24"><span class='ocrx_word' id='word_1_195' title='bbox 259 2551 335 2626; x_wconf 79' lang='grc' dir='ltr'><strong><em>λεις,</em></strong></span> <span class='ocrx_word' id='word_1_196' title='bbox 354 2544 392 2609; x_wconf 75' lang='grc' dir='ltr'><strong><em>αἳ</em></strong></span> <span class='ocrx_word' id='word_1_197' title='bbox 408 2545 548 2630; x_wconf 67' lang='grc' dir='ltr'><strong><em>ὑπήκοοί</em></strong></span> <span class='ocrx_word' id='word_1_198' title='bbox 563 2548 626 2611; x_wconf 81' lang='grc' dir='ltr'><strong><em>εἰσι</em></strong></span> <span class='ocrx_word' id='word_1_199' title='bbox 641 2546 820 2631; x_wconf 83' lang='grc' dir='ltr'><strong><em>Ῥωμαίοις,</em></strong></span> <span class='ocrx_word' id='word_1_200' title='bbox 840 2547 1001 2615; x_wconf 72' lang='grc' dir='ltr'><strong><em>ἀκώλυτον</em></strong></span> <span class='ocrx_word' id='word_1_201' title='bbox 1019 2548 1097 2631; x_wconf 71' lang='grc' dir='ltr'><strong><em>ὑμῖν</em></strong></span> <span class='ocrx_word' id='word_1_202' title='bbox 1115 2547 1172 2634; x_wconf 83' lang='grc' dir='ltr'><strong>τήν</strong></span> <span class='ocrx_word' id='word_1_203' title='bbox 1189 2551 1347 2634; x_wconf 73' lang='grc' dir='ltr'><strong><em>ἐμπορίαν</em></strong></span> 
     </span>
     <span class='ocr_line' id='line_1_24' title="bbox 258 2638 1346 2733; baseline 0.004 -25"><span class='ocrx_word' id='word_1_204' title='bbox 258 2644 397 2711; x_wconf 81' lang='grc' dir='ltr'><strong><em>κελεόσει</em></strong></span> <span class='ocrx_word' id='word_1_205' title='bbox 409 2639 501 2710; x_wconf 79' lang='grc' dir='ltr'><strong><em>εἶναι.</em></strong></span> <span class='ocrx_word' id='word_1_206' title='bbox 514 2654 656 2711; x_wconf 78' lang='grc' dir='ltr'><strong><em>σκοπεῖτε</em></strong></span> <span class='ocrx_word' id='word_1_207' title='bbox 671 2640 711 2711; x_wconf 74' lang='lat' dir='ltr'><strong>oei</strong></span> <span class='ocrx_word' id='word_1_208' title='bbox 712 2672 729 2712; x_wconf 91' lang='grc' dir='ltr'><strong>ν</strong></span> <span class='ocrx_word' id='word_1_209' title='bbox 739 2642 842 2713; x_wconf 79' lang='lat' dir='ltr'><strong>rinion</strong></span> <span class='ocrx_word' id='word_1_210' title='bbox 853 2638 914 2731; x_wconf 70' lang='grc' dir='ltr'><strong><em>μὲν</em></strong></span> <span class='ocrx_word' id='word_1_211' title='bbox 927 2647 1005 2730; x_wconf 70' lang='grc' dir='ltr'><strong><em>ὑμῖν</em></strong></span> <span class='ocrx_word' id='word_1_212' title='bbox 1021 2646 1039 2713; x_wconf 90' lang='grc' dir='ltr'><strong><em>ό</em></strong></span> <span class='ocrx_word' id='word_1_213' title='bbox 1051 2647 1184 2729; x_wconf 77' lang='grc' dir='ltr'><strong><em>πόλεμος</em></strong></span> <span class='ocrx_word' id='word_1_214' title='bbox 1195 2646 1346 2733; x_wconf 79' lang='grc' dir='ltr'><strong><em>ἐπήνεγκε</em></strong></span> 
     </span>
     <span class='ocr_line' id='line_1_25' title="bbox 257 2742 1345 2834; baseline 0.005 -28"><span class='ocrx_word' id='word_1_215' title='bbox 257 2742 349 2830; x_wconf 81' lang='grc' dir='ltr'><strong><em>κακοὶ,</em></strong></span> <span class='ocrx_word' id='word_1_216' title='bbox 367 2744 445 2821; x_wconf 84' lang='grc' dir='ltr'><strong><em>ἴσως</em></strong></span> <span class='ocrx_word' id='word_1_217' title='bbox 464 2746 499 2811; x_wconf 78' lang='grc' dir='ltr'><strong>δὲ</strong></span> <span class='ocrx_word' id='word_1_218' title='bbox 517 2747 572 2811; x_wconf 84' lang='grc' dir='ltr'><strong><em>καί</em></strong></span> <span class='ocrx_word' id='word_1_219' title='bbox 587 2749 717 2832; x_wconf 87' lang='grc' dir='ltr'><strong><em>χείρονα</em></strong></span> <span class='ocrx_word' id='word_1_220' title='bbox 734 2747 851 2825; x_wconf 78' lang='grc' dir='ltr'><strong><em>ἑπάξει·</em></strong></span> <span class='ocrx_word' id='word_1_221' title='bbox 872 2745 994 2814; x_wconf 87' lang='grc' dir='ltr'><strong><em>όπόσιυν</em></strong></span> <span class='ocrx_word' id='word_1_222' title='bbox 1006 2749 1043 2814; x_wconf 80' lang='grc' dir='ltr'><strong>δὲ</strong></span> <span class='ocrx_word' id='word_1_223' title='bbox 1058 2742 1187 2833; x_wconf 84' lang='grc' dir='ltr'><strong><em>ἀγαθών</em></strong></span> <span class='ocrx_word' id='word_1_224' title='bbox 1203 2742 1222 2833; x_wconf 82' lang='grc' dir='ltr'><strong><em>ἧ</em></strong></span> <span class='ocrx_word' id='word_1_225' title='bbox 1237 2743 1345 2834; x_wconf 82' lang='grc' dir='ltr'><strong><em>εἰρήνη</em></strong></span> 
     </span>
    </p>
   </div>
   <div class='ocr_carea' id='block_1_5' title="bbox 258 2954 1345 4295">
    <p class='ocr_par' dir='ltr' id='par_1_5' title="bbox 258 2954 1345 4295">
     <span class='ocr_line' id='line_1_26' title="bbox 258 2954 1345 3030; baseline -0.001 -19"><span class='ocrx_word' id='word_1_226' title='bbox 258 2954 389 3011; x_wconf 79' lang='lat' dir='ltr'><strong>iniuriam</strong></span> <span class='ocrx_word' id='word_1_227' title='bbox 409 2962 559 3030; x_wconf 81' lang='lat' dir='ltr'><strong>exaequste</strong></span> <span class='ocrx_word' id='word_1_228' title='bbox 577 2973 610 3010; x_wconf 85' lang='lat' dir='ltr'><strong>ac</strong></span> <span class='ocrx_word' id='word_1_229' title='bbox 628 2973 679 3028; x_wconf 90' lang='lat' dir='ltr'><strong>per</strong></span> <span class='ocrx_word' id='word_1_230' title='bbox 694 2958 797 3028; x_wconf 78' lang='lat' dir='ltr'><strong>legatos</strong></span> <span class='ocrx_word' id='word_1_231' title='bbox 811 2956 972 3011; x_wconf 84' lang='lat' dir='ltr'><strong>bellicarum</strong></span> <span class='ocrx_word' id='word_1_232' title='bbox 984 2957 1096 3010; x_wconf 82' lang='lat' dir='ltr'><strong>istarum</strong></span> <span class='ocrx_word' id='word_1_233' title='bbox 1118 2960 1280 3010; x_wconf 74' lang='lat' dir='ltr'><strong>offensurum</strong></span> <span class='ocrx_word' id='word_1_234' title='bbox 1291 2972 1345 3010; x_wconf 83' lang='lat' dir='ltr'><strong>re-</strong></span> 
     </span>
     <span class='ocr_line' id='line_1_27' title="bbox 258 3027 1344 3099; baseline 0 -19"><span class='ocrx_word' id='word_1_235' title='bbox 258 3031 333 3080; x_wconf 85' lang='lat' dir='ltr'><strong>niam</strong></span> <span class='ocrx_word' id='word_1_236' title='bbox 350 3030 482 3099; x_wconf 81' lang='lat' dir='ltr'><strong>flagitate.</strong></span> <span class='ocrx_word' id='word_1_237' title='bbox 502 3027 559 3098; x_wconf 90' lang='lat' dir='ltr'><strong>Qui</strong></span> <span class='ocrx_word' id='word_1_238' title='bbox 576 3045 637 3081; x_wconf 90' lang='lat' dir='ltr'><strong>cum</strong></span> <span class='ocrx_word' id='word_1_239' title='bbox 653 3030 774 3081; x_wconf 89' lang='lat' dir='ltr'><strong>sitmitis</strong></span> <span class='ocrx_word' id='word_1_240' title='bbox 800 3028 912 3099; x_wconf 80' lang='lat' dir='ltr'><strong>ingenio</strong></span> <span class='ocrx_word' id='word_1_241' title='bbox 928 3035 956 3080; x_wconf 93' lang='lat' dir='ltr'><strong>et</strong></span> <span class='ocrx_word' id='word_1_242' title='bbox 970 3029 1001 3081; x_wconf 90' lang='lat' dir='ltr'><strong>in</strong></span> <span class='ocrx_word' id='word_1_243' title='bbox 1015 3046 1045 3081; x_wconf 89' lang='lat' dir='ltr'><strong>se</strong></span> <span class='ocrx_word' id='word_1_244' title='bbox 1056 3029 1231 3098; x_wconf 75' lang='lat' dir='ltr'>peccantibus</span> <span class='ocrx_word' id='word_1_245' title='bbox 1248 3045 1344 3097; x_wconf 88' lang='lat' dir='ltr'><strong>prom·</strong></span> 
     </span>
     <span class='ocr_line' id='line_1_28' title="bbox 258 3097 1343 3170; baseline -0.001 -19"><span class='ocrx_word' id='word_1_246' title='bbox 258 3107 323 3169; x_wconf 86' lang='lat' dir='ltr'><strong>ptus</strong></span> <span class='ocrx_word' id='word_1_247' title='bbox 333 3100 483 3170; x_wconf 77' lang='lat' dir='ltr'><strong>ignoscere,</strong></span> <span class='ocrx_word' id='word_1_248' title='bbox 502 3100 526 3150; x_wconf 89' lang='lat' dir='ltr'><strong>si</strong></span> <span class='ocrx_word' id='word_1_249' title='bbox 541 3100 600 3151; x_wconf 88' lang='lat' dir='ltr'><strong>eius</strong></span> <span class='ocrx_word' id='word_1_250' title='bbox 615 3099 683 3152; x_wconf 83' lang='lat' dir='ltr'><strong>iram</strong></span> <span class='ocrx_word' id='word_1_251' title='bbox 696 3100 802 3152; x_wconf 78' lang='lat' dir='ltr'><strong>luerint</strong></span> <span class='ocrx_word' id='word_1_252' title='bbox 814 3098 961 3168; x_wconf 88' lang='lat' dir='ltr'><strong>deprecati,</strong></span> <span class='ocrx_word' id='word_1_253' title='bbox 979 3099 1062 3151; x_wconf 82' lang='lat' dir='ltr'><strong>etiarn</strong></span> <span class='ocrx_word' id='word_1_254' title='bbox 1078 3097 1165 3160; x_wconf 79' lang='lat' dir='ltr'><strong>vobit,</strong></span> <span class='ocrx_word' id='word_1_255' title='bbox 1184 3114 1245 3150; x_wconf 90' lang='lat' dir='ltr'><strong>meo</strong></span> <span class='ocrx_word' id='word_1_256' title='bbox 1263 3100 1343 3150; x_wconf 89' lang='lat' dir='ltr'><strong>insu·</strong></span> 
     </span>
     <span class='ocr_line' id='line_1_29' title="bbox 260 3168 1343 3241; baseline 0 -21"><span class='ocrx_word' id='word_1_257' title='bbox 260 3186 310 3239; x_wconf 87' lang='lat' dir='ltr'><strong>per</strong></span> <span class='ocrx_word' id='word_1_258' title='bbox 325 3168 471 3222; x_wconf 76' lang='lat' dir='ltr'><strong>accedente</strong></span> <span class='ocrx_word' id='word_1_259' title='bbox 486 3169 616 3238; x_wconf 88' lang='lat' dir='ltr'><strong>impulsu,</strong></span> <span class='ocrx_word' id='word_1_260' title='bbox 631 3168 755 3227; x_wconf 79' lang='lat' dir='ltr'><strong>libenter</strong></span> <span class='ocrx_word' id='word_1_261' title='bbox 766 3172 894 3241; x_wconf 83' lang='lat' dir='ltr'><strong>ignoscet.</strong></span> <span class='ocrx_word' id='word_1_262' title='bbox 930 3170 983 3222; x_wconf 88' lang='lat' dir='ltr'><strong>Ubi</strong></span> <span class='ocrx_word' id='word_1_263' title='bbox 997 3187 1059 3222; x_wconf 90' lang='lat' dir='ltr'><strong>eum</strong></span> <span class='ocrx_word' id='word_1_264' title='bbox 1074 3169 1255 3239; x_wconf 72' lang='lat' dir='ltr'><strong>placaveritis,</strong></span> <span class='ocrx_word' id='word_1_265' title='bbox 1274 3169 1343 3221; x_wconf 83' lang='lat' dir='ltr'><strong>Sar·</strong></span> 
     </span>
     <span class='ocr_line' id='line_1_30' title="bbox 260 3238 1343 3323; baseline -0.001 -33"><span class='ocrx_word' id='word_1_266' title='bbox 260 3238 354 3291; x_wconf 75' lang='lat' dir='ltr'><strong>chunis</strong></span> <span class='ocrx_word' id='word_1_267' title='bbox 370 3241 567 3323; x_wconf 70' lang='lat' dir='ltr'><strong>Persarumque</strong></span> <span class='ocrx_word' id='word_1_268' title='bbox 579 3241 695 3292; x_wconf 88' lang='lat' dir='ltr'><strong>aliorum</strong></span> <span class='ocrx_word' id='word_1_269' title='bbox 718 3242 799 3305; x_wconf 86' lang='lat' dir='ltr'><strong>filios,</strong></span> <span class='ocrx_word' id='word_1_270' title='bbox 860 3257 889 3292; x_wconf 91' lang='lat' dir='ltr'><strong>os</strong></span> <span class='ocrx_word' id='word_1_271' title='bbox 906 3238 1033 3293; x_wconf 72' lang='lat' dir='ltr'><strong>obsidum</strong></span> <span class='ocrx_word' id='word_1_272' title='bbox 1051 3242 1163 3292; x_wconf 84' lang='lat' dir='ltr'><strong>nornine</strong></span> <span class='ocrx_word' id='word_1_273' title='bbox 1187 3239 1343 3301; x_wconf 87' lang='lat' dir='ltr'><strong>custoditis,</strong></span> 
     </span>
     <span class='ocr_line' id='line_1_31' title="bbox 261 3307 1343 3380; baseline 0.001 -21"><span class='ocrx_word' id='word_1_274' title='bbox 261 3307 352 3360; x_wconf 83' lang='lat' dir='ltr'><strong>eidem</strong></span> <span class='ocrx_word' id='word_1_275' title='bbox 373 3311 403 3361; x_wconf 88' lang='lat' dir='ltr'><strong>in</strong></span> <span class='ocrx_word' id='word_1_276' title='bbox 421 3324 542 3360; x_wconf 78' lang='lat' dir='ltr'><strong>muneris</strong></span> <span class='ocrx_word' id='word_1_277' title='bbox 563 3310 624 3364; x_wconf 86' lang='lat' dir='ltr'><strong>ioco</strong></span> <span class='ocrx_word' id='word_1_278' title='bbox 644 3315 787 3378; x_wconf 72' lang='lat' dir='ltr'><strong>affectate,</strong></span> <span class='ocrx_word' id='word_1_279' title='bbox 845 3310 965 3378; x_wconf 82' lang='lat' dir='ltr'><strong>&#39;tylcnen</strong></span> <span class='ocrx_word' id='word_1_280' title='bbox 985 3319 1126 3380; x_wconf 81' lang='lat' dir='ltr'><strong>praeterea</strong></span> <span class='ocrx_word' id='word_1_281' title='bbox 1141 3318 1170 3363; x_wconf 91' lang='lat' dir='ltr'><strong>et</strong></span> <span class='ocrx_word' id='word_1_282' title='bbox 1194 3309 1343 3362; x_wconf 76' lang='lat' dir='ltr'><strong>Phocaeam</strong></span> 
     </span>
     <span class='ocr_line' id='line_1_32' title="bbox 261 3379 1344 3451; baseline 0 -20"><span class='ocrx_word' id='word_1_283' title='bbox 261 3380 406 3431; x_wconf 81' lang='lat' dir='ltr'><strong>restituite.</strong></span> <span class='ocrx_word' id='word_1_284' title='bbox 442 3379 493 3431; x_wconf 89' lang='lat' dir='ltr'><strong>llle</strong></span> <span class='ocrx_word' id='word_1_285' title='bbox 517 3394 580 3432; x_wconf 79' lang='lat' dir='ltr'><strong>vero</strong></span> <span class='ocrx_word' id='word_1_286' title='bbox 598 3387 716 3433; x_wconf 83' lang='lat' dir='ltr'><strong>restrum</strong></span> <span class='ocrx_word' id='word_1_287' title='bbox 736 3380 790 3433; x_wconf 90' lang='lat' dir='ltr'><strong>hoc</strong></span> <span class='ocrx_word' id='word_1_288' title='bbox 809 3398 871 3450; x_wconf 81' lang='lat' dir='ltr'><strong>erga</strong></span> <span class='ocrx_word' id='word_1_289' title='bbox 886 3397 915 3434; x_wconf 93' lang='lat' dir='ltr'><strong>se</strong></span> <span class='ocrx_word' id='word_1_290' title='bbox 943 3380 1064 3432; x_wconf 83' lang='lat' dir='ltr'><strong>studium</strong></span> <span class='ocrx_word' id='word_1_291' title='bbox 1079 3398 1267 3451; x_wconf 87' lang='lat' dir='ltr'><strong>compensans,</strong></span> <span class='ocrx_word' id='word_1_292' title='bbox 1284 3396 1344 3431; x_wconf 86' lang='lat' dir='ltr'><strong>una</strong></span> 
     </span>
     <span class='ocr_line' id='line_1_33' title="bbox 261 3449 1345 3521; baseline -0.001 -20"><span class='ocrx_word' id='word_1_293' title='bbox 261 3466 321 3501; x_wconf 89' lang='lat' dir='ltr'><strong>cum</strong></span> <span class='ocrx_word' id='word_1_294' title='bbox 344 3451 441 3513; x_wconf 87' lang='lat' dir='ltr'><strong>venia,</strong></span> <span class='ocrx_word' id='word_1_295' title='bbox 471 3467 524 3521; x_wconf 83' lang='lat' dir='ltr'><strong>qua</strong></span> <span class='ocrx_word' id='word_1_296' title='bbox 545 3466 593 3503; x_wconf 80' lang='lat' dir='ltr'><strong>vos</strong></span> <span class='ocrx_word' id='word_1_297' title='bbox 613 3452 768 3520; x_wconf 85' lang='lat' dir='ltr'><strong>impertiet,</strong></span> <span class='ocrx_word' id='word_1_298' title='bbox 796 3453 878 3503; x_wconf 86' lang='lat' dir='ltr'><strong>etiam</strong></span> <span class='ocrx_word' id='word_1_299' title='bbox 899 3458 1020 3521; x_wconf 87' lang='lat' dir='ltr'><strong>sumptus</strong></span> <span class='ocrx_word' id='word_1_300' title='bbox 1046 3468 1062 3501; x_wconf 89' lang='lat' dir='ltr'><strong>a</strong></span> <span class='ocrx_word' id='word_1_301' title='bbox 1078 3453 1151 3504; x_wconf 91' lang='lat' dir='ltr'><strong>sein</strong></span> <span class='ocrx_word' id='word_1_302' title='bbox 1170 3450 1222 3502; x_wconf 87' lang='lat' dir='ltr'><strong>hoc</strong></span> <span class='ocrx_word' id='word_1_303' title='bbox 1238 3449 1345 3502; x_wconf 82' lang='lat' dir='ltr'><strong>belluna</strong></span> 
     </span>
     <span class='ocr_line' id='line_1_34' title="bbox 261 3519 1343 3604; baseline -0.002 -31"><span class='ocrx_word' id='word_1_304' title='bbox 261 3521 407 3573; x_wconf 86' lang='lat' dir='ltr'><strong>collocatos</strong></span> <span class='ocrx_word' id='word_1_305' title='bbox 426 3527 453 3572; x_wconf 91' lang='lat' dir='ltr'><strong>et</strong></span> <span class='ocrx_word' id='word_1_306' title='bbox 464 3519 570 3572; x_wconf 88' lang='lat' dir='ltr'><strong>Lesbiis</strong></span> <span class='ocrx_word' id='word_1_307' title='bbox 587 3537 698 3590; x_wconf 86' lang='lat' dir='ltr'><strong>perros</strong></span> <span class='ocrx_word' id='word_1_308' title='bbox 720 3521 816 3574; x_wconf 87' lang='lat' dir='ltr'><strong>damna</strong></span> <span class='ocrx_word' id='word_1_309' title='bbox 830 3523 966 3592; x_wconf 77' lang='lat' dir='ltr'><strong>irrogata,</strong></span> <span class='ocrx_word' id='word_1_310' title='bbox 984 3538 1054 3604; x_wconf 65' lang='lat' dir='ltr'><strong>quae</strong></span> <span class='ocrx_word' id='word_1_311' title='bbox 1073 3521 1228 3591; x_wconf 74' lang='lat' dir='ltr'><strong>respublica</strong></span> <span class='ocrx_word' id='word_1_312' title='bbox 1245 3522 1343 3574; x_wconf 84' lang='lat' dir='ltr'><strong>Genn-</strong></span> 
     </span>
     <span class='ocr_line' id='line_1_35' title="bbox 261 3589 1343 3655; baseline -0.001 -13"><span class='ocrx_word' id='word_1_313' title='bbox 261 3592 334 3642; x_wconf 87' lang='lat' dir='ltr'><strong>ensis</strong></span> <span class='ocrx_word' id='word_1_314' title='bbox 350 3609 384 3644; x_wconf 84' lang='lat' dir='ltr'><strong>ex</strong></span> <span class='ocrx_word' id='word_1_315' title='bbox 398 3590 509 3643; x_wconf 79' lang='lat' dir='ltr'><strong>loedere</strong></span> <span class='ocrx_word' id='word_1_316' title='bbox 528 3589 562 3641; x_wconf 89' lang='lat' dir='ltr'><strong>de</strong></span> <span class='ocrx_word' id='word_1_317' title='bbox 577 3590 798 3645; x_wconf 81' lang='lat' dir='ltr'><strong>facultatibus&#39;et</strong></span> <span class='ocrx_word' id='word_1_318' title='bbox 817 3590 897 3646; x_wconf 89' lang='lat' dir='ltr'><strong>bonis</strong></span> <span class='ocrx_word' id='word_1_319' title='bbox 915 3600 1009 3644; x_wconf 82' lang='lat' dir='ltr'><strong>restris</strong></span> <span class='ocrx_word' id='word_1_320' title='bbox 1027 3595 1155 3644; x_wconf 83' lang='lat' dir='ltr'><strong>resarcire</strong></span> <span class='ocrx_word' id='word_1_321' title='bbox 1171 3592 1269 3655; x_wconf 91' lang='lat' dir='ltr'><strong>debet,</strong></span> <span class='ocrx_word' id='word_1_322' title='bbox 1290 3589 1343 3641; x_wconf 89' lang='lat' dir='ltr'><strong>be-</strong></span> 
     </span>
     <span class='ocr_line' id='line_1_36' title="bbox 260 3658 1345 3732; baseline 0 -21"><span class='ocrx_word' id='word_1_323' title='bbox 260 3661 344 3731; x_wconf 75' lang='lat' dir='ltr'><strong>nigne</strong></span> <span class='ocrx_word' id='word_1_324' title='bbox 360 3664 489 3715; x_wconf 80' lang='lat' dir='ltr'><strong>remittet</strong></span> <span class='ocrx_word' id='word_1_325' title='bbox 526 3659 622 3732; x_wconf 83' lang='lat' dir='ltr'><strong>Neque</strong></span> <span class='ocrx_word' id='word_1_326' title='bbox 640 3658 693 3713; x_wconf 85' lang='lat' dir='ltr'><strong>hoc</strong></span> <span class='ocrx_word' id='word_1_327' title='bbox 710 3671 833 3725; x_wconf 84' lang='lat' dir='ltr'><strong>tantum,</strong></span> <span class='ocrx_word' id='word_1_328' title='bbox 851 3661 938 3715; x_wconf 87' lang='lat' dir='ltr'><strong>sedet</strong></span> <span class='ocrx_word' id='word_1_329' title='bbox 953 3671 1087 3732; x_wconf 84' lang='lat' dir='ltr'><strong>tamquam</strong></span> <span class='ocrx_word' id='word_1_330' title='bbox 1106 3661 1232 3716; x_wconf 74' lang='lat' dir='ltr'><strong>hostibus</strong></span> <span class='ocrx_word' id='word_1_331' title='bbox 1249 3662 1345 3729; x_wconf 88' lang='lat' dir='ltr'><strong>reipu-</strong></span> 
     </span>
     <span class='ocr_line' id='line_1_37' title="bbox 261 3730 1345 3854; baseline 0 -72"><span class='ocrx_word' id='word_1_332' title='bbox 261 3730 350 3785; x_wconf 89' lang='lat' dir='ltr'><strong>blicae</strong></span> <span class='ocrx_word' id='word_1_333' title='bbox 366 3731 509 3786; x_wconf 84' lang='lat' dir='ltr'><strong>declaratis</strong></span> <span class='ocrx_word' id='word_1_334' title='bbox 526 3748 557 3783; x_wconf 94' lang='lat' dir='ltr'><strong>ac</strong></span> <span class='ocrx_word' id='word_1_335' title='bbox 573 3733 732 3803; x_wconf 87' lang='lat' dir='ltr'><strong>proscriptis</strong></span> <span class='ocrx_word' id='word_1_336' title='bbox 749 3740 778 3785; x_wconf 88' lang='lat' dir='ltr'><strong>et</strong></span> <span class='ocrx_word' id='word_1_337' title='bbox 796 3731 927 3801; x_wconf 86' lang='lat' dir='ltr'><strong>perfidiae</strong></span> <span class='ocrx_word' id='word_1_338' title='bbox 949 3749 1065 3854; x_wconf 84' lang='lat' dir='ltr'><strong>poenam</strong></span> <span class='ocrx_word' id='word_1_339' title='bbox 1083 3733 1263 3795; x_wconf 88' lang='lat' dir='ltr'><strong>commeritis,</strong></span> <span class='ocrx_word' id='word_1_340' title='bbox 1288 3733 1345 3782; x_wconf 87' lang='lat' dir='ltr'><strong>im·</strong></span> 
     </span>
     <span class='ocr_line' id='line_1_38' title="bbox 260 3801 1343 3872; baseline 0.001 -20"><span class='ocrx_word' id='word_1_341' title='bbox 260 3805 413 3872; x_wconf 86' lang='lat' dir='ltr'><strong>punitatem</strong></span> <span class='ocrx_word' id='word_1_342' title='bbox 430 3802 597 3872; x_wconf 87' lang='lat' dir='ltr'><strong>impetrabit,</strong></span> <span class='ocrx_word' id='word_1_343' title='bbox 616 3810 739 3854; x_wconf 88' lang='lat' dir='ltr'><strong>senatum</strong></span> <span class='ocrx_word' id='word_1_344' title='bbox 748 3802 897 3855; x_wconf 83' lang='lat' dir='ltr'><strong>adveniam</strong></span> <span class='ocrx_word' id='word_1_345' title='bbox 913 3801 947 3855; x_wconf 93' lang='lat' dir='ltr'><strong>tri</strong></span> <span class='ocrx_word' id='word_1_346' title='bbox 970 3802 1085 3855; x_wconf 77' lang='lat' dir='ltr'><strong>uenalem</strong></span> <span class='ocrx_word' id='word_1_347' title='bbox 1097 3801 1264 3857; x_wconf 86' lang='lat' dir='ltr'><strong>cohortatus:</strong></span> <span class='ocrx_word' id='word_1_348' title='bbox 1284 3818 1343 3871; x_wconf 86' lang='lat' dir='ltr'><strong>qao</strong></span> 
     </span>
     <span class='ocr_line' id='line_1_39' title="bbox 261 3873 1343 3945; baseline 0 -23"><span class='ocrx_word' id='word_1_349' title='bbox 261 3873 338 3926; x_wconf 84' lang='lat' dir='ltr'><strong>nulia</strong></span> <span class='ocrx_word' id='word_1_350' title='bbox 346 3893 375 3927; x_wconf 89' lang='lat' dir='ltr'><strong>re</strong></span> <span class='ocrx_word' id='word_1_351' title='bbox 386 3875 520 3945; x_wconf 85' lang='lat' dir='ltr'><strong>spoliatis,</strong></span> <span class='ocrx_word' id='word_1_352' title='bbox 530 3873 621 3926; x_wconf 87' lang='lat' dir='ltr'><strong>denuo</strong></span> <span class='ocrx_word' id='word_1_353' title='bbox 633 3874 663 3924; x_wconf 86' lang='lat' dir='ltr'><strong>in</strong></span> <span class='ocrx_word' id='word_1_354' title='bbox 674 3873 818 3944; x_wconf 77' lang='lat' dir='ltr'><strong>republica</strong></span> <span class='ocrx_word' id='word_1_355' title='bbox 828 3873 915 3926; x_wconf 89' lang='lat' dir='ltr'><strong>iibere</strong></span> <span class='ocrx_word' id='word_1_356' title='bbox 930 3875 1067 3943; x_wconf 77' lang='lat' dir='ltr'><strong>negotium</strong></span> <span class='ocrx_word' id='word_1_357' title='bbox 1077 3891 1154 3925; x_wconf 86' lang='lat' dir='ltr'><strong>suum</strong></span> <span class='ocrx_word' id='word_1_358' title='bbox 1162 3889 1240 3943; x_wconf 78' lang='lat' dir='ltr'><strong>agere</strong></span> <span class='ocrx_word' id='word_1_359' title='bbox 1252 3873 1343 3924; x_wconf 82' lang='lat' dir='ltr'><strong>liceat.</strong></span> 
     </span>
     <span class='ocr_line' id='line_1_40' title="bbox 261 3942 1344 4015; baseline -0.001 -22"><span class='ocrx_word' id='word_1_360' title='bbox 261 3942 338 3995; x_wconf 80' lang='lat' dir='ltr'><strong>Adde</strong></span> <span class='ocrx_word' id='word_1_361' title='bbox 354 3947 427 4014; x_wconf 81' lang='lat' dir='ltr'><strong>quod</strong></span> <span class='ocrx_word' id='word_1_362' title='bbox 437 3945 573 3998; x_wconf 78' lang='lat' dir='ltr'><strong>Phocaeae</strong></span> <span class='ocrx_word' id='word_1_363' title='bbox 582 3948 762 3998; x_wconf 80' lang='lat' dir='ltr'><strong>Romanorum</strong></span> <span class='ocrx_word' id='word_1_364' title='bbox 770 3947 896 4015; x_wconf 84' lang='lat' dir='ltr'><strong>propriae</strong></span> <span class='ocrx_word' id='word_1_365' title='bbox 908 3944 1089 4014; x_wconf 77' lang='lat' dir='ltr'><strong>principatum</strong></span> <span class='ocrx_word' id='word_1_366' title='bbox 1102 3952 1130 3996; x_wconf 90' lang='lat' dir='ltr'><strong>et</strong></span> <span class='ocrx_word' id='word_1_367' title='bbox 1147 3943 1344 3995; x_wconf 75' lang='lat' dir='ltr'><strong>usumfructum</strong></span> 
     </span>
     <span class='ocr_line' id='line_1_41' title="bbox 261 4014 1344 4085; baseline -0.002 -20"><span class='ocrx_word' id='word_1_368' title='bbox 261 4016 330 4065; x_wconf 89' lang='lat' dir='ltr'><strong>sicut</strong></span> <span class='ocrx_word' id='word_1_369' title='bbox 343 4014 434 4079; x_wconf 83' lang='lat' dir='ltr'><strong>prius,</strong></span> <span class='ocrx_word' id='word_1_370' title='bbox 454 4015 584 4084; x_wconf 79' lang='lat' dir='ltr'><strong>quamdiu</strong></span> <span class='ocrx_word' id='word_1_371' title='bbox 598 4017 733 4079; x_wconf 86' lang='lat' dir='ltr'><strong>voluerit,</strong></span> <span class='ocrx_word' id='word_1_372' title='bbox 751 4015 831 4068; x_wconf 81' lang='lat' dir='ltr'><strong>vobis</strong></span> <span class='ocrx_word' id='word_1_373' title='bbox 846 4016 993 4085; x_wconf 83' lang='lat' dir='ltr'><strong>permittet</strong></span> <span class='ocrx_word' id='word_1_374' title='bbox 1015 4014 1091 4081; x_wconf 84' lang='lat' dir='ltr'><strong>Quin</strong></span> <span class='ocrx_word' id='word_1_375' title='bbox 1108 4022 1136 4066; x_wconf 88' lang='lat' dir='ltr'><strong>et</strong></span> <span class='ocrx_word' id='word_1_376' title='bbox 1155 4020 1242 4065; x_wconf 81' lang='lat' dir='ltr'><strong>restra</strong></span> <span class='ocrx_word' id='word_1_377' title='bbox 1261 4028 1344 4063; x_wconf 85' lang='lat' dir='ltr'><strong>causa</strong></span> 
     </span>
     <span class='ocr_line' id='line_1_42' title="bbox 262 4082 1345 4154; baseline -0.002 -19"><span class='ocrx_word' id='word_1_378' title='bbox 262 4102 322 4135; x_wconf 85' lang='lat' dir='ltr'><strong>cum</strong></span> <span class='ocrx_word' id='word_1_379' title='bbox 341 4083 474 4136; x_wconf 82' lang='lat' dir='ltr'><strong>Surehane</strong></span> <span class='ocrx_word' id='word_1_380' title='bbox 493 4087 589 4139; x_wconf 77' lang='lat' dir='ltr'><strong>foedus</strong></span> <span class='ocrx_word' id='word_1_381' title='bbox 615 4086 710 4148; x_wconf 75' lang='lat' dir='ltr'><strong>feriet,</strong></span> <span class='ocrx_word' id='word_1_382' title='bbox 736 4095 768 4138; x_wconf 89' lang='lat' dir='ltr'><strong>ut</strong></span> <span class='ocrx_word' id='word_1_383' title='bbox 785 4104 818 4137; x_wconf 78' lang='lat' dir='ltr'><strong>ex</strong></span> <span class='ocrx_word' id='word_1_384' title='bbox 841 4088 899 4137; x_wconf 87' lang='lat' dir='ltr'><strong>eius</strong></span> <span class='ocrx_word' id='word_1_385' title='bbox 919 4085 1059 4153; x_wconf 84' lang='lat' dir='ltr'><strong>provincia</strong></span> <span class='ocrx_word' id='word_1_386' title='bbox 1085 4085 1214 4154; x_wconf 77' lang='lat' dir='ltr'><strong>pristinos</strong></span> <span class='ocrx_word' id='word_1_387' title='bbox 1238 4082 1345 4134; x_wconf 77' lang='lat' dir='ltr'><strong>fructus</strong></span> 
     </span>
     <span class='ocr_line' id='line_1_43' title="bbox 260 4155 1345 4226; baseline -0.003 -20"><span class='ocrx_word' id='word_1_388' title='bbox 260 4157 431 4223; x_wconf 84' lang='lat' dir='ltr'><strong>percipiatis:</strong></span> <span class='ocrx_word' id='word_1_389' title='bbox 451 4172 554 4226; x_wconf 88' lang='lat' dir='ltr'><strong>perque</strong></span> <span class='ocrx_word' id='word_1_390' title='bbox 570 4174 663 4208; x_wconf 88' lang='lat' dir='ltr'><strong>omnes</strong></span> <span class='ocrx_word' id='word_1_391' title='bbox 679 4155 780 4208; x_wconf 89' lang='lat' dir='ltr'><strong>insulas</strong></span> <span class='ocrx_word' id='word_1_392' title='bbox 799 4172 830 4206; x_wconf 89' lang='lat' dir='ltr'><strong>ac</strong></span> <span class='ocrx_word' id='word_1_393' title='bbox 854 4156 977 4206; x_wconf 81' lang='lat' dir='ltr'><strong>civitatee</strong></span> <span class='ocrx_word' id='word_1_394' title='bbox 1001 4156 1182 4208; x_wconf 84' lang='lat' dir='ltr'><strong>Romanorum</strong></span> <span class='ocrx_word' id='word_1_395' title='bbox 1206 4160 1345 4205; x_wconf 87' lang='lat' dir='ltr'><strong>mercatu·</strong></span> 
     </span>
     <span class='ocr_line' id='line_1_44' title="bbox 262 4221 1345 4295; baseline 0 -20"><span class='ocrx_word' id='word_1_396' title='bbox 262 4243 306 4278; x_wconf 78' lang='lat' dir='ltr'><strong>rae</strong></span> <span class='ocrx_word' id='word_1_397' title='bbox 324 4224 467 4278; x_wconf 75' lang='lat' dir='ltr'><strong>faciendae</strong></span> <span class='ocrx_word' id='word_1_398' title='bbox 488 4226 628 4280; x_wconf 84' lang='lat' dir='ltr'><strong>licentiam</strong></span> <span class='ocrx_word' id='word_1_399' title='bbox 646 4225 729 4278; x_wconf 75' lang='lat' dir='ltr'><strong>dabit</strong></span> <span class='ocrx_word' id='word_1_400' title='bbox 767 4224 901 4295; x_wconf 86' lang='lat' dir='ltr'><strong>Dispicite</strong></span> <span class='ocrx_word' id='word_1_401' title='bbox 919 4224 1011 4294; x_wconf 70' lang='lat' dir='ltr'><strong>igitur,</strong></span> <span class='ocrx_word' id='word_1_402' title='bbox 1026 4231 1098 4295; x_wconf 42' lang='lat' dir='ltr'><strong>‘quot</strong></span> <span class='ocrx_word' id='word_1_403' title='bbox 1117 4224 1276 4280; x_wconf 78' lang='lat' dir='ltr'><strong>infortuniis</strong></span> <span class='ocrx_word' id='word_1_404' title='bbox 1289 4221 1345 4276; x_wconf 81' lang='lat' dir='ltr'><strong>hoc</strong></span> 
     </span>
    </p>
   </div>
   <div class='ocr_carea' id='block_1_6' title="bbox 0 0 1514 4742">
    <p class='ocr_par' dir='ltr' id='par_1_6' title="bbox 0 0 1514 4742">
     <span class='ocr_line' id='line_1_45' title="bbox 0 0 1514 4742; baseline 0 0"><span class='ocrx_word' id='word_1_405' title='bbox 0 0 1514 4742; x_wconf 95' lang='lat' dir='ltr'><strong> </strong></span> 
     </span>
    </p>
   </div>
  </div>
 </body>
</html>
