<?xml version="1.0" encoding="UTF-8"?>
<!DOCTYPE html PUBLIC "-//W3C//DTD XHTML 1.0 Transitional//EN"
    "http://www.w3.org/TR/xhtml1/DTD/xhtml1-transitional.dtd">
<html xmlns="http://www.w3.org/1999/xhtml" xml:lang="en" lang="en">
 <head>
  <title>
</title>
<meta http-equiv="Content-Type" content="text/html;charset=utf-8" />
  <meta name='ocr-system' content='tesseract 3.04.00' />
  <meta name='ocr-capabilities' content='ocr_page ocr_carea ocr_par ocr_line ocrx_word'/>
</head>
<body>
  <div class='ocr_page' id='page_1' title='image "./ioanniscantacuz01joangoog_0374.png"; bbox 0 0 3000 4742; ppageno 0'>
   <div class='ocr_carea' id='block_1_1' title="bbox 288 239 968 326">
    <p class='ocr_par' dir='ltr' id='par_1_1' title="bbox 288 239 968 326">
     <span class='ocr_line' id='line_1_1' title="bbox 288 239 968 326; baseline -0.009 0"><span class='ocrx_word' id='word_1_1' title='bbox 288 239 372 326; x_wconf 80' lang='lat'>318</span> <span class='ocrx_word' id='word_1_2' title='bbox 690 254 968 323; x_wconf 68' lang='grc' dir='ltr'><em>(ὶλατλεῑπεαι</em></span> 
     </span>
    </p>
   </div>
   <div class='ocr_carea' id='block_1_2' title="bbox 148 406 1407 2369">
    <p class='ocr_par' dir='ltr' id='par_1_2' title="bbox 148 406 1407 2369">
     <span class='ocr_line' id='line_1_2' title="bbox 148 406 1368 506; baseline -0.002 -22"><span class='ocrx_word' id='word_1_3' title='bbox 148 428 209 486; x_wconf 64' lang='lat' dir='ltr'>tc.</span> <span class='ocrx_word' id='word_1_4' title='bbox 222 418 337 497; x_wconf 69' lang='lat' dir='ltr'>rtatoic</span> <span class='ocrx_word' id='word_1_5' title='bbox 354 418 411 506; x_wconf 78' lang='grc' dir='ltr'><em>τῆς</em></span> <span class='ocrx_word' id='word_1_6' title='bbox 437 417 523 502; x_wconf 78' lang='grc' dir='ltr'><em>δίκης</em></span> <span class='ocrx_word' id='word_1_7' title='bbox 543 415 706 495; x_wconf 67' lang='grc' dir='ltr'><em>ἐσομένης,</em></span> <span class='ocrx_word' id='word_1_8' title='bbox 733 406 870 495; x_wconf 80' lang='grc' dir='ltr'><em>όμίγας</em></span> <span class='ocrx_word' id='word_1_9' title='bbox 898 412 957 491; x_wconf 76' lang='grc' dir='ltr'><em>μὲν</em></span> <span class='ocrx_word' id='word_1_10' title='bbox 986 411 1165 494; x_wconf 76' lang='grc' dir='ltr'><em>δομέστικος</em></span> <span class='ocrx_word' id='word_1_11' title='bbox 1189 417 1232 504; x_wconf 73' lang='grc' dir='ltr'>τῷ</span> <span class='ocrx_word' id='word_1_12' title='bbox 1252 439 1368 502; x_wconf 88' lang='grc' dir='ltr'><em>πατρι-</em></span> 
     </span>
     <span class='ocr_line' id='line_1_3' title="bbox 291 505 1369 607; baseline -0.002 -27"><span class='ocrx_word' id='word_1_13' title='bbox 291 517 378 607; x_wconf 81' lang='grc' dir='ltr'><em>άρχη</em></span> <span class='ocrx_word' id='word_1_14' title='bbox 397 510 636 596; x_wconf 71' lang='grc' dir='ltr'><strong><em>συνταξάμενος,</em></strong></span> <span class='ocrx_word' id='word_1_15' title='bbox 654 511 761 577; x_wconf 77' lang='grc' dir='ltr'><em>οἴκαδε</em></span> <span class='ocrx_word' id='word_1_16' title='bbox 781 505 948 595; x_wconf 76' lang='grc' dir='ltr'><em>όπεχοόρει·</em></span> <span class='ocrx_word' id='word_1_17' title='bbox 966 507 983 575; x_wconf 90' lang='grc' dir='ltr'><em>ό</em></span> <span class='ocrx_word' id='word_1_18' title='bbox 1003 509 1204 599; x_wconf 75' lang='grc' dir='ltr'><em>πατριάρχης</em></span> <span class='ocrx_word' id='word_1_19' title='bbox 1224 517 1259 580; x_wconf 81' lang='grc' dir='ltr'>δὲ</span> <span class='ocrx_word' id='word_1_20' title='bbox 1285 514 1369 601; x_wconf 86' lang='grc' dir='ltr'><em>πρός</em></span> 
     </span>
     <span class='ocr_line' id='line_1_4' title="bbox 289 603 1368 701; baseline -0.004 -20"><span class='ocrx_word' id='word_1_21' title='bbox 289 615 365 691; x_wconf 76' lang='lat' dir='ltr'>roric</span> <span class='ocrx_word' id='word_1_22' title='bbox 384 610 543 700; x_wconf 81' lang='grc' dir='ltr'><em>παρόντας</em></span> <span class='ocrx_word' id='word_1_23' title='bbox 570 610 690 694; x_wconf 84' lang='grc' dir='ltr'><em>οἷγνοεῑν</em></span> <span class='ocrx_word' id='word_1_24' title='bbox 711 605 773 695; x_wconf 81' lang='grc' dir='ltr'>ἔφη</span> <span class='ocrx_word' id='word_1_25' title='bbox 801 603 869 691; x_wconf 86' lang='grc' dir='ltr'><em>ό,τι</em></span> <span class='ocrx_word' id='word_1_26' title='bbox 895 608 940 696; x_wconf 73' lang='grc' dir='ltr'>τῷ</span> <span class='ocrx_word' id='word_1_27' title='bbox 964 607 1088 697; x_wconf 79' lang='grc' dir='ltr'><em>μεγάλῳ</em></span> <span class='ocrx_word' id='word_1_28' title='bbox 1111 610 1286 701; x_wconf 76' lang='grc' dir='ltr'><em>δομεστιλιηι,</em></span> <span class='ocrx_word' id='word_1_29' title='bbox 1308 612 1368 696; x_wconf 71' lang='grc' dir='ltr'>τήν</span> 
     </span>
     <span class='ocr_line' id='line_1_5' title="bbox 290 697 1368 798; baseline -0.002 -20"><span class='ocrx_word' id='word_1_30' title='bbox 290 712 368 798; x_wconf 86' lang='grc' dir='ltr'><em>πρός</em></span> <span class='ocrx_word' id='word_1_31' title='bbox 395 710 454 796; x_wconf 74' lang='grc' dir='ltr'>τήν</span> <span class='ocrx_word' id='word_1_32' title='bbox 483 711 571 794; x_wconf 82' lang='grc' dir='ltr'><em>δίκην</em></span> <span class='ocrx_word' id='word_1_33' title='bbox 597 704 782 791; x_wconf 73' lang='grc' dir='ltr'><em>ἐπαγγελίαν</em></span> <span class='ocrx_word' id='word_1_34' title='bbox 808 713 915 787; x_wconf 69' lang='lat' dir='ltr'>roste,</span> <span class='ocrx_word' id='word_1_35' title='bbox 942 697 1047 791; x_wconf 73' lang='grc' dir='ltr'><em>ἢτίνι</em></span> <span class='ocrx_word' id='word_1_36' title='bbox 1075 708 1256 795; x_wconf 69' lang='grc' dir='ltr'><em>θαρροῦντα</em></span> <span class='ocrx_word' id='word_1_37' title='bbox 1285 710 1368 797; x_wconf 90' lang='grc' dir='ltr'><em>πρός</em></span> 
     </span>
     <span class='ocr_line' id='line_1_6' title="bbox 290 802 1391 898; baseline -0.005 -20"><span class='ocrx_word' id='word_1_38' title='bbox 290 811 348 898; x_wconf 72' lang='grc' dir='ltr'>τὴν</span> <span class='ocrx_word' id='word_1_39' title='bbox 366 813 454 895; x_wconf 76' lang='grc' dir='ltr'><em>δίκην</em></span> <span class='ocrx_word' id='word_1_40' title='bbox 474 804 708 895; x_wconf 71' lang='grc' dir='ltr'><em>ἀπαντήσεσθαι</em></span> <span class='ocrx_word' id='word_1_41' title='bbox 726 805 800 885; x_wconf 88' lang='grc' dir='ltr'><em>τοός</em></span> <span class='ocrx_word' id='word_1_42' title='bbox 820 805 989 891; x_wconf 71' lang='grc' dir='ltr'><em>ἀρχιερέας</em></span> <span class='ocrx_word' id='word_1_43' title='bbox 1009 805 1110 893; x_wconf 84' lang='grc' dir='ltr'><em>φάναι</em></span> <span class='ocrx_word' id='word_1_44' title='bbox 1117 857 1127 888; x_wconf 94' lang='grc'><em>,</em></span> <span class='ocrx_word' id='word_1_45' title='bbox 1153 803 1253 885; x_wconf 84' lang='grc' dir='ltr'><em>οότως</em></span> <span class='ocrx_word' id='word_1_46' title='bbox 1270 802 1391 876; x_wconf 78' lang='grc' dir='ltr'><em>πότε-5</em></span> 
     </span>
     <span class='ocr_line' id='line_1_7' title="bbox 291 899 1368 997; baseline -0.002 -22"><span class='ocrx_word' id='word_1_47' title='bbox 291 910 495 996; x_wconf 76' lang='grc' dir='ltr'><em>κατακρίτους</em></span> <span class='ocrx_word' id='word_1_48' title='bbox 516 899 615 989; x_wconf 78' lang='grc' dir='ltr'><em>ὄντας,</em></span> <span class='ocrx_word' id='word_1_49' title='bbox 636 906 667 971; x_wconf 78' lang='grc' dir='ltr'>εἰ</span> <span class='ocrx_word' id='word_1_50' title='bbox 683 903 727 990; x_wconf 73' lang='grc' dir='ltr'>μή</span> <span class='ocrx_word' id='word_1_51' title='bbox 747 928 778 969; x_wconf 85' lang='grc' dir='ltr'>τι</span> <span class='ocrx_word' id='word_1_52' title='bbox 799 900 979 990; x_wconf 79' lang='grc' dir='ltr'><em>καινότερον</em></span> <span class='ocrx_word' id='word_1_53' title='bbox 998 903 1190 990; x_wconf 73' lang='grc' dir='ltr'><em>ἐπινενόηται</em></span> <span class='ocrx_word' id='word_1_54' title='bbox 1209 907 1306 997; x_wconf 65' lang='lat' dir='ltr'>edaci.</span> <span class='ocrx_word' id='word_1_55' title='bbox 1335 906 1368 973; x_wconf 77' lang='grc' dir='ltr'>οἱ</span> 
     </span>
     <span class='ocr_line' id='line_1_8' title="bbox 289 995 1367 1095; baseline -0.004 -21"><span class='ocrx_word' id='word_1_56' title='bbox 289 1006 438 1095; x_wconf 86' lang='grc' dir='ltr'><em>παρόντες</em></span> <span class='ocrx_word' id='word_1_57' title='bbox 458 1009 504 1090; x_wconf 76' lang='grc' dir='ltr'>δὲ,</span> <span class='ocrx_word' id='word_1_58' title='bbox 525 1005 555 1071; x_wconf 80' lang='grc' dir='ltr'>οἱ</span> <span class='ocrx_word' id='word_1_59' title='bbox 572 1007 633 1089; x_wconf 71' lang='grc' dir='ltr'><em>μὲν</em></span> <span class='ocrx_word' id='word_1_60' title='bbox 652 998 722 1070; x_wconf 74' lang='grc' dir='ltr'><em>εὗδ’</em></span> <span class='ocrx_word' id='word_1_61' title='bbox 740 995 832 1069; x_wconf 80' lang='grc' dir='ltr'><em>αότοί</em></span> <span class='ocrx_word' id='word_1_62' title='bbox 844 999 969 1089; x_wconf 78' lang='grc' dir='ltr'><em>ἔφασαν</em></span> <span class='ocrx_word' id='word_1_63' title='bbox 988 1002 1025 1068; x_wconf 89' lang='grc' dir='ltr'>τί</span> <span class='ocrx_word' id='word_1_64' title='bbox 1036 1003 1194 1070; x_wconf 85' lang='grc' dir='ltr'><em>όόνασθαι</em></span> <span class='ocrx_word' id='word_1_65' title='bbox 1214 1015 1367 1089; x_wconf 76' lang='grc' dir='ltr'><em>συνεῖναι,</em></span> 
     </span>
     <span class='ocr_line' id='line_1_9' title="bbox 292 1094 1368 1190; baseline -0.002 -18"><span class='ocrx_word' id='word_1_66' title='bbox 292 1103 322 1172; x_wconf 79' lang='grc' dir='ltr'>οἱ</span> <span class='ocrx_word' id='word_1_67' title='bbox 341 1104 597 1187; x_wconf 65' lang='grc' dir='ltr'><em>διεπίστευεν,</em></span> <span class='ocrx_word' id='word_1_68' title='bbox 625 1100 671 1188; x_wconf 76' lang='grc' dir='ltr'>μη</span> <span class='ocrx_word' id='word_1_69' title='bbox 704 1102 767 1167; x_wconf 76' lang='grc' dir='ltr'><em>οὐκ</em></span> <span class='ocrx_word' id='word_1_70' title='bbox 790 1094 896 1186; x_wconf 74' lang='grc' dir='ltr'><em>ἀληθῆ</em></span> <span class='ocrx_word' id='word_1_71' title='bbox 914 1097 970 1186; x_wconf 76' lang='grc' dir='ltr'>την</span> <span class='ocrx_word' id='word_1_72' title='bbox 999 1098 1073 1187; x_wconf 83' lang='grc' dir='ltr'><em>περί</em></span> <span class='ocrx_word' id='word_1_73' title='bbox 1090 1104 1154 1169; x_wconf 76' lang='grc' dir='ltr'>τόν</span> <span class='ocrx_word' id='word_1_74' title='bbox 1174 1103 1368 1190; x_wconf 79' lang='grc' dir='ltr'><em>πραγμάτων</em></span> 
     </span>
     <span class='ocr_line' id='line_1_10' title="bbox 206 1195 1368 1289; baseline -0.005 -17"><span class='ocrx_word' id='word_1_75' title='bbox 206 1203 385 1289; x_wconf 78' lang='grc' dir='ltr'><em>Ρ.λ9οἔσχεν</em></span> <span class='ocrx_word' id='word_1_76' title='bbox 404 1204 610 1288; x_wconf 73' lang='grc' dir='ltr'><em>ἀπαγγελίαν,</em></span> <span class='ocrx_word' id='word_1_77' title='bbox 638 1200 709 1266; x_wconf 73' lang='grc' dir='ltr'><em>ἀλλ’</em></span> <span class='ocrx_word' id='word_1_78' title='bbox 733 1197 797 1265; x_wconf 79' lang='grc' dir='ltr'><em>άπό</em></span> <span class='ocrx_word' id='word_1_79' title='bbox 818 1200 945 1265; x_wconf 69' lang='grc' dir='ltr'><em>πολλῶν</em></span> <span class='ocrx_word' id='word_1_80' title='bbox 964 1202 1020 1265; x_wconf 86' lang='grc' dir='ltr'><em>καί</em></span> <span class='ocrx_word' id='word_1_81' title='bbox 1038 1201 1180 1284; x_wconf 83' lang='grc' dir='ltr'><em>σννεχιόν</em></span> <span class='ocrx_word' id='word_1_82' title='bbox 1200 1195 1368 1289; x_wconf 72' lang='grc' dir='ltr'><em>περιρρεό-</em></span> 
     </span>
     <span class='ocr_line' id='line_1_11' title="bbox 289 1294 1407 1391; baseline -0.001 -21"><span class='ocrx_word' id='word_1_83' title='bbox 289 1328 380 1390; x_wconf 87' lang='grc' dir='ltr'><em>μενσς</em></span> <span class='ocrx_word' id='word_1_84' title='bbox 407 1302 601 1391; x_wconf 80' lang='grc' dir='ltr'><em>φροντίδων,</em></span> <span class='ocrx_word' id='word_1_85' title='bbox 629 1299 687 1364; x_wconf 84' lang='grc' dir='ltr'><em>οόκ</em></span> <span class='ocrx_word' id='word_1_86' title='bbox 715 1294 833 1386; x_wconf 74' lang='grc' dir='ltr'><em>άκριβῆ</em></span> <span class='ocrx_word' id='word_1_87' title='bbox 857 1296 914 1385; x_wconf 72' lang='grc' dir='ltr'>τὴν</span> <span class='ocrx_word' id='word_1_88' title='bbox 941 1301 1083 1378; x_wconf 71' lang='grc' dir='ltr'><em>ἐξέτασιν</em></span> <span class='ocrx_word' id='word_1_89' title='bbox 1109 1299 1275 1387; x_wconf 74' lang='grc' dir='ltr'><em>ἐποιήσατο</em></span> <span class='ocrx_word' id='word_1_90' title='bbox 1300 1303 1407 1369; x_wconf 77' lang='grc' dir='ltr'><em>τῶνιο</em></span> 
     </span>
     <span class='ocr_line' id='line_1_12' title="bbox 290 1391 1368 1484; baseline -0.004 -16"><span class='ocrx_word' id='word_1_91' title='bbox 290 1400 514 1469; x_wconf 76' lang='grc' dir='ltr'><em>ἀκουσθέντων.</em></span> <span class='ocrx_word' id='word_1_92' title='bbox 535 1391 573 1463; x_wconf 75' lang='lat' dir='ltr'>ori</span> <span class='ocrx_word' id='word_1_93' title='bbox 591 1396 651 1484; x_wconf 85' lang='grc' dir='ltr'>γάρ</span> <span class='ocrx_word' id='word_1_94' title='bbox 669 1397 756 1463; x_wconf 78' lang='grc' dir='ltr'><em>όστιν</em></span> <span class='ocrx_word' id='word_1_95' title='bbox 777 1398 859 1475; x_wconf 82' lang='grc' dir='ltr'><em>εἰκός</em></span> <span class='ocrx_word' id='word_1_96' title='bbox 881 1394 1061 1479; x_wconf 82' lang='grc' dir='ltr'><em>πυθόμενον</em></span> <span class='ocrx_word' id='word_1_97' title='bbox 1080 1401 1155 1482; x_wconf 80' lang='grc' dir='ltr'><em>περὶ</em></span> <span class='ocrx_word' id='word_1_98' title='bbox 1180 1398 1301 1482; x_wconf 71' lang='grc' dir='ltr'><em>αὐτῶν,</em></span> <span class='ocrx_word' id='word_1_99' title='bbox 1322 1397 1368 1477; x_wconf 81' lang='grc' dir='ltr'><em>ιός</em></span> 
     </span>
     <span class='ocr_line' id='line_1_13' title="bbox 289 1492 1369 1586; baseline -0.004 -22"><span class='ocrx_word' id='word_1_100' title='bbox 289 1503 341 1565; x_wconf 77' lang='grc' dir='ltr'>ἐπ’</span> <span class='ocrx_word' id='word_1_101' title='bbox 365 1494 694 1586; x_wconf 72' lang='grc' dir='ltr'><em>οόδεμιᾷ“πρσφάσει,</em></span> <span class='ocrx_word' id='word_1_102' title='bbox 722 1492 804 1560; x_wconf 85' lang='grc' dir='ltr'><em>άλλά</em></span> <span class='ocrx_word' id='word_1_103' title='bbox 829 1493 910 1583; x_wconf 80' lang='grc' dir='ltr'><em>μόνη</em></span> <span class='ocrx_word' id='word_1_104' title='bbox 932 1496 971 1582; x_wconf 78' lang='grc' dir='ltr'>τῇ</span> <span class='ocrx_word' id='word_1_105' title='bbox 992 1495 1160 1582; x_wconf 78' lang='grc' dir='ltr'><em>προστάξει</em></span> <span class='ocrx_word' id='word_1_106' title='bbox 1186 1495 1369 1579; x_wconf 71' lang='grc' dir='ltr'><em>πειθόμενοι</em></span> 
     </span>
     <span class='ocr_line' id='line_1_14' title="bbox 289 1592 1367 1682; baseline -0.003 -18"><span class='ocrx_word' id='word_1_107' title='bbox 289 1600 452 1682; x_wconf 77' lang='grc' dir='ltr'><em>βασιλέως,</em></span> <span class='ocrx_word' id='word_1_108' title='bbox 474 1594 571 1661; x_wconf 79' lang='grc' dir='ltr'><em>οότόν</em></span> <span class='ocrx_word' id='word_1_109' title='bbox 585 1620 620 1660; x_wconf 90' lang='grc' dir='ltr'>τε</span> <span class='ocrx_word' id='word_1_110' title='bbox 634 1595 787 1679; x_wconf 75' lang='grc' dir='ltr'><em>ἐξήλασαν</em></span> <span class='ocrx_word' id='word_1_111' title='bbox 800 1594 946 1671; x_wconf 82' lang='grc' dir='ltr'><em>ε’λθόντες</em></span> <span class='ocrx_word' id='word_1_112' title='bbox 968 1595 1024 1679; x_wconf 76' lang='grc' dir='ltr'><em>τῆς</em></span> <span class='ocrx_word' id='word_1_113' title='bbox 1040 1594 1171 1680; x_wconf 86' lang='grc' dir='ltr'><em>ποίμνης</em></span> <span class='ocrx_word' id='word_1_114' title='bbox 1184 1599 1226 1659; x_wconf 80' lang='grc' dir='ltr'><em>δι’</em></span> <span class='ocrx_word' id='word_1_115' title='bbox 1243 1592 1367 1662; x_wconf 79' lang='grc' dir='ltr'><em>ἑαοτιόν</em></span> 
     </span>
     <span class='ocr_line' id='line_1_15' title="bbox 290 1688 1368 1787; baseline -0.002 -26"><span class='ocrx_word' id='word_1_116' title='bbox 290 1693 377 1782; x_wconf 79' lang='grc' dir='ltr'><em>παρὰ</em></span> <span class='ocrx_word' id='word_1_117' title='bbox 394 1693 495 1760; x_wconf 85' lang='grc' dir='ltr'><em>πάντα</em></span> <span class='ocrx_word' id='word_1_118' title='bbox 509 1692 564 1758; x_wconf 87' lang='grc' dir='ltr'>τόν</span> <span class='ocrx_word' id='word_1_119' title='bbox 578 1696 637 1787; x_wconf 75' lang='grc' dir='ltr'>τοῦ</span> <span class='ocrx_word' id='word_1_120' title='bbox 653 1692 774 1758; x_wconf 85' lang='grc' dir='ltr'><em>όικαίσσ</em></span> <span class='ocrx_word' id='word_1_121' title='bbox 791 1688 882 1776; x_wconf 86' lang='grc' dir='ltr'><em>λόγον</em></span> <span class='ocrx_word' id='word_1_122' title='bbox 898 1695 954 1758; x_wconf 81' lang='grc' dir='ltr'><em>καί</em></span> <span class='ocrx_word' id='word_1_123' title='bbox 970 1695 1169 1759; x_wconf 75' lang='grc' dir='ltr'><em>κατέκλεισαν</em></span> <span class='ocrx_word' id='word_1_124' title='bbox 1191 1697 1226 1760; x_wconf 70' lang='grc' dir='ltr'>ὃν</span> <span class='ocrx_word' id='word_1_125' title='bbox 1240 1696 1368 1784; x_wconf 73' lang='grc' dir='ltr'><em>φρουρᾷ</em></span> 
     </span>
     <span class='ocr_line' id='line_1_16' title="bbox 290 1788 1406 1879; baseline 0.001 -20"><span class='ocrx_word' id='word_1_126' title='bbox 290 1789 393 1878; x_wconf 76' lang='grc' dir='ltr'><em>ὥσπερ</em></span> <span class='ocrx_word' id='word_1_127' title='bbox 414 1790 486 1859; x_wconf 88' lang='grc' dir='ltr'><em>τινά</em></span> <span class='ocrx_word' id='word_1_128' title='bbox 503 1796 566 1858; x_wconf 77' lang='grc' dir='ltr'>τῶν</span> <span class='ocrx_word' id='word_1_129' title='bbox 579 1791 633 1858; x_wconf 76' lang='grc' dir='ltr'><em>ἐπὶ</em></span> <span class='ocrx_word' id='word_1_130' title='bbox 643 1793 829 1867; x_wconf 78' lang='grc' dir='ltr'><em>δεινοτάτοις</em></span> <span class='ocrx_word' id='word_1_131' title='bbox 844 1788 1037 1876; x_wconf 77' lang='grc' dir='ltr'><em>ἑαλωκότων,</em></span> <span class='ocrx_word' id='word_1_132' title='bbox 1057 1791 1155 1857; x_wconf 73' lang='lat' dir='ltr'>oriani</span> <span class='ocrx_word' id='word_1_133' title='bbox 1166 1815 1199 1857; x_wconf 90' lang='grc' dir='ltr'>τε</span> <span class='ocrx_word' id='word_1_134' title='bbox 1213 1793 1272 1879; x_wconf 73' lang='grc' dir='ltr'>ὑφ’</span> <span class='ocrx_word' id='word_1_135' title='bbox 1289 1788 1406 1860; x_wconf 70' lang='grc' dir='ltr'><em>ἔον-τό</em></span> 
     </span>
     <span class='ocr_line' id='line_1_17' title="bbox 290 1887 1369 1975; baseline -0.002 -17"><span class='ocrx_word' id='word_1_136' title='bbox 290 1902 355 1969; x_wconf 80' lang='grc' dir='ltr'><em>τοῖς</em></span> <span class='ocrx_word' id='word_1_137' title='bbox 369 1891 553 1975; x_wconf 72' lang='grc' dir='ltr'><em>ἐποιήσαντο</em></span> <span class='ocrx_word' id='word_1_138' title='bbox 568 1888 624 1975; x_wconf 73' lang='grc' dir='ltr'>τόν</span> <span class='ocrx_word' id='word_1_139' title='bbox 642 1888 806 1974; x_wconf 76' lang='grc' dir='ltr'><em>ἐκκλησίαν</em></span> <span class='ocrx_word' id='word_1_140' title='bbox 821 1888 878 1954; x_wconf 81' lang='grc' dir='ltr'><em>καί</em></span> <span class='ocrx_word' id='word_1_141' title='bbox 899 1887 939 1954; x_wconf 87' lang='grc' dir='ltr'>τό</span> <span class='ocrx_word' id='word_1_142' title='bbox 954 1890 1084 1973; x_wconf 78' lang='grc' dir='ltr'><em>μέγιστοι</em></span> <span class='ocrx_word' id='word_1_143' title='bbox 1106 1890 1283 1967; x_wconf 75' lang='grc' dir='ltr'><em>ἀδικοῦντες</em></span> <span class='ocrx_word' id='word_1_144' title='bbox 1312 1890 1369 1956; x_wconf 81' lang='grc' dir='ltr'><em>καί</em></span> 
     </span>
     <span class='ocr_line' id='line_1_18' title="bbox 291 1985 1366 2076; baseline -0.001 -20"><span class='ocrx_word' id='word_1_145' title='bbox 291 1991 542 2064; x_wconf 77' lang='grc' dir='ltr'><em>πλεονεκτοῦντες</em></span> <span class='ocrx_word' id='word_1_146' title='bbox 562 1989 726 2053; x_wconf 72' lang='grc' dir='ltr'><em>ἕδιθασκσν</em></span> <span class='ocrx_word' id='word_1_147' title='bbox 740 1985 796 2054; x_wconf 87' lang='grc' dir='ltr'>τόν</span> <span class='ocrx_word' id='word_1_148' title='bbox 817 1985 896 2054; x_wconf 89' lang='grc' dir='ltr'><em>λαόν</em></span> <span class='ocrx_word' id='word_1_149' title='bbox 919 1990 993 2071; x_wconf 83' lang='grc' dir='ltr'><em>περί</em></span> <span class='ocrx_word' id='word_1_150' title='bbox 1009 1988 1137 2074; x_wconf 72' lang='grc' dir='ltr'><em>ἀρετῆς,</em></span> <span class='ocrx_word' id='word_1_151' title='bbox 1162 1988 1207 2074; x_wconf 74' lang='grc' dir='ltr'>μὴ</span> <span class='ocrx_word' id='word_1_152' title='bbox 1235 1992 1271 2054; x_wconf 76' lang='lat' dir='ltr'>ot</span> <span class='ocrx_word' id='word_1_153' title='bbox 1291 1991 1366 2076; x_wconf 80' lang='grc' dir='ltr'><em>ἐρο-</em></span> 
     </span>
     <span class='ocr_line' id='line_1_19' title="bbox 261 2081 1366 2173; baseline -0.001 -20"><span class='ocrx_word' id='word_1_154' title='bbox 261 2091 456 2173; x_wconf 69' lang='grc' dir='ltr'><em>Βθρίῶντες,</em></span> <span class='ocrx_word' id='word_1_155' title='bbox 478 2081 558 2150; x_wconf 83' lang='grc' dir='ltr'><em>άλλό</em></span> <span class='ocrx_word' id='word_1_156' title='bbox 580 2083 635 2150; x_wconf 80' lang='grc' dir='ltr'><em>καί</em></span> <span class='ocrx_word' id='word_1_157' title='bbox 648 2081 869 2168; x_wconf 84' lang='grc' dir='ltr'><em>σεμνυνόμενοι</em></span> <span class='ocrx_word' id='word_1_158' title='bbox 888 2086 928 2173; x_wconf 79' lang='grc' dir='ltr'>τῇ</span> <span class='ocrx_word' id='word_1_159' title='bbox 947 2086 1072 2172; x_wconf 75' lang='grc' dir='ltr'><em>ἁρπαγῇ</em></span> <span class='ocrx_word' id='word_1_160' title='bbox 1081 2137 1091 2168; x_wconf 89' lang='grc'><em>,</em></span> <span class='ocrx_word' id='word_1_161' title='bbox 1121 2087 1366 2171; x_wconf 77' lang='grc' dir='ltr'><em>ἐπαγγέλλεσθαι</em></span> 
     </span>
     <span class='ocr_line' id='line_1_20' title="bbox 292 2177 1366 2269; baseline -0.002 -18"><span class='ocrx_word' id='word_1_162' title='bbox 292 2182 409 2262; x_wconf 86' lang='grc' dir='ltr'><em>οόταός</em></span> <span class='ocrx_word' id='word_1_163' title='bbox 431 2182 621 2268; x_wconf 83' lang='grc' dir='ltr'><em>άπαντῆσειν</em></span> <span class='ocrx_word' id='word_1_164' title='bbox 638 2186 684 2260; x_wconf 80' lang='grc' dir='ltr'>είς</span> <span class='ocrx_word' id='word_1_165' title='bbox 698 2181 755 2269; x_wconf 78' lang='grc' dir='ltr'>τὴν</span> <span class='ocrx_word' id='word_1_166' title='bbox 784 2186 882 2267; x_wconf 79' lang='grc' dir='ltr'><em>δίκην·</em></span> <span class='ocrx_word' id='word_1_167' title='bbox 902 2179 999 2259; x_wconf 84' lang='grc' dir='ltr'><em>αότός</em></span> <span class='ocrx_word' id='word_1_168' title='bbox 1018 2181 1078 2268; x_wconf 86' lang='grc' dir='ltr'>γάρ</span> <span class='ocrx_word' id='word_1_169' title='bbox 1096 2177 1137 2250; x_wconf 80' lang='grc' dir='ltr'>όν</span> <span class='ocrx_word' id='word_1_170' title='bbox 1159 2180 1274 2249; x_wconf 75' lang='grc' dir='ltr'><em>αὐτῶν</em></span> <span class='ocrx_word' id='word_1_171' title='bbox 1282 2183 1366 2249; x_wconf 57' lang='lat' dir='ltr'>cirrrs&#39;²</span> 
     </span>
     <span class='ocr_line' id='line_1_21' title="bbox 292 2277 1403 2369; baseline -0.005 -18"><span class='ocrx_word' id='word_1_172' title='bbox 292 2309 364 2361; x_wconf 87' lang='grc' dir='ltr'><em>σοις</em></span> <span class='ocrx_word' id='word_1_173' title='bbox 376 2283 527 2368; x_wconf 88' lang='grc' dir='ltr'><em>πρότερον</em></span> <span class='ocrx_word' id='word_1_174' title='bbox 542 2284 685 2365; x_wconf 70' lang='grc' dir='ltr'><em>κατέγνω.</em></span> <span class='ocrx_word' id='word_1_175' title='bbox 708 2277 724 2345; x_wconf 81' lang='grc' dir='ltr'>ὅ</span> <span class='ocrx_word' id='word_1_176' title='bbox 743 2281 942 2369; x_wconf 83' lang='grc' dir='ltr'><em>πατριάρχης</em></span> <span class='ocrx_word' id='word_1_177' title='bbox 955 2283 989 2346; x_wconf 77' lang='grc' dir='ltr'>δὲ</span> <span class='ocrx_word' id='word_1_178' title='bbox 1007 2283 1081 2347; x_wconf 75' lang='grc' dir='ltr'><em>νοῦν</em></span> <span class='ocrx_word' id='word_1_179' title='bbox 1093 2284 1154 2364; x_wconf 75' lang='grc' dir='ltr'>μὲν</span> <span class='ocrx_word' id='word_1_180' title='bbox 1169 2279 1284 2359; x_wconf 65' lang='lat' dir='ltr'>adroic</span> <span class='ocrx_word' id='word_1_181' title='bbox 1302 2281 1403 2369; x_wconf 60' lang='lat' dir='ltr'>ippw</span> 
     </span>
    </p>
   </div>
   <div class='ocr_carea' id='block_1_3' title="bbox 291 2374 1401 2666">
    <p class='ocr_par' dir='ltr' id='par_1_3' title="bbox 291 2374 1401 2666">
     <span class='ocr_line' id='line_1_22' title="bbox 291 2374 1365 2466; baseline -0.006 -18"><span class='ocrx_word' id='word_1_182' title='bbox 291 2378 384 2466; x_wconf 88' lang='grc' dir='ltr'><em>λόγον</em></span> <span class='ocrx_word' id='word_1_183' title='bbox 399 2379 511 2463; x_wconf 80' lang='grc' dir='ltr'><em>ἔχοντα</em></span> <span class='ocrx_word' id='word_1_184' title='bbox 533 2380 703 2464; x_wconf 71' lang='grc' dir='ltr'><em>εἰρηκέναι,</em></span> <span class='ocrx_word' id='word_1_185' title='bbox 724 2374 821 2446; x_wconf 79' lang='grc' dir='ltr'><em>αότὸν</em></span> <span class='ocrx_word' id='word_1_186' title='bbox 842 2382 878 2444; x_wconf 79' lang='grc' dir='ltr'>δὲ</span> <span class='ocrx_word' id='word_1_187' title='bbox 896 2376 942 2464; x_wconf 73' lang='grc' dir='ltr'><em>μή</em></span> <span class='ocrx_word' id='word_1_188' title='bbox 966 2382 1135 2444; x_wconf 77' lang='grc' dir='ltr'><em>πειθεσθαι</em></span> <span class='ocrx_word' id='word_1_189' title='bbox 1155 2375 1255 2456; x_wconf 81' lang='grc' dir='ltr'><em>οότως</em></span> <span class='ocrx_word' id='word_1_190' title='bbox 1275 2374 1365 2463; x_wconf 78' lang='grc' dir='ltr'><em>εἶναι,</em></span> 
     </span>
     <span class='ocr_line' id='line_1_23' title="bbox 293 2475 1401 2563; baseline -0.001 -19"><span class='ocrx_word' id='word_1_191' title='bbox 293 2478 375 2546; x_wconf 76' lang='grc' dir='ltr'><em>ἄλλό</em></span> <span class='ocrx_word' id='word_1_192' title='bbox 394 2503 425 2543; x_wconf 89' lang='grc' dir='ltr'>τι</span> <span class='ocrx_word' id='word_1_193' title='bbox 442 2475 498 2543; x_wconf 89' lang='grc' dir='ltr'>τόν</span> <span class='ocrx_word' id='word_1_194' title='bbox 512 2480 612 2562; x_wconf 78' lang='grc' dir='ltr'><em>μέγαν</em></span> <span class='ocrx_word' id='word_1_195' title='bbox 626 2480 805 2560; x_wconf 77' lang='grc' dir='ltr'><em>θομέστικον</em></span> <span class='ocrx_word' id='word_1_196' title='bbox 822 2479 1069 2563; x_wconf 74' lang='grc' dir='ltr'><em>ἐπινενοηκέναι,</em></span> <span class='ocrx_word' id='word_1_197' title='bbox 1089 2481 1244 2560; x_wconf 83' lang='grc' dir='ltr'><em>βαθείαις,</em></span> <span class='ocrx_word' id='word_1_198' title='bbox 1263 2475 1366 2544; x_wconf 85' lang='grc' dir='ltr'><em>καθά-</em></span> <span class='ocrx_word' id='word_1_199' title='bbox 1397 2497 1401 2513; x_wconf 91' lang='grc'><strong><em>·</em></strong></span> 
     </span>
     <span class='ocr_line' id='line_1_24' title="bbox 291 2573 1365 2666; baseline 0 -24"><span class='ocrx_word' id='word_1_200' title='bbox 291 2601 349 2666; x_wconf 90' lang='grc' dir='ltr'>περ</span> <span class='ocrx_word' id='word_1_201' title='bbox 368 2576 477 2661; x_wconf 83' lang='grc' dir='ltr'><em>ἴσμεν,</em></span> <span class='ocrx_word' id='word_1_202' title='bbox 497 2580 687 2663; x_wconf 84' lang='grc' dir='ltr'><em>κεχρημένον</em></span> <span class='ocrx_word' id='word_1_203' title='bbox 701 2585 772 2653; x_wconf 79' lang='grc' dir='ltr'><em>ταῖς</em></span> <span class='ocrx_word' id='word_1_204' title='bbox 786 2575 913 2664; x_wconf 81' lang='grc' dir='ltr'><em>φρεσίν,</em></span> <span class='ocrx_word' id='word_1_205' title='bbox 934 2573 952 2641; x_wconf 80' lang='grc' dir='ltr'><em>ό</em></span> <span class='ocrx_word' id='word_1_206' title='bbox 968 2579 1026 2642; x_wconf 79' lang='grc' dir='ltr'>νόν</span> <span class='ocrx_word' id='word_1_207' title='bbox 1043 2576 1128 2662; x_wconf 75' lang='grc' dir='ltr'>ἡμᾶς</span> <span class='ocrx_word' id='word_1_208' title='bbox 1140 2574 1184 2663; x_wconf 74' lang='grc' dir='ltr'>μη</span> <span class='ocrx_word' id='word_1_209' title='bbox 1209 2575 1365 2644; x_wconf 71' lang='lat' dir='ltr'>stiraceas</span> 
     </span>
    </p>
   </div>
   <div class='ocr_carea' id='block_1_4' title="bbox 359 2704 1018 2784">
    <p class='ocr_par' dir='ltr' id='par_1_4' title="bbox 359 2704 1018 2784">
     <span class='ocr_line' id='line_1_25' title="bbox 359 2704 1018 2784; baseline -0.003 -19"><span class='ocrx_word' id='word_1_210' title='bbox 359 2729 399 2768; x_wconf 86' lang='lat' dir='ltr'>ra.</span> <span class='ocrx_word' id='word_1_211' title='bbox 417 2710 570 2783; x_wconf 79' lang='lat' dir='ltr'>Legebatur</span> <span class='ocrx_word' id='word_1_212' title='bbox 586 2709 750 2784; x_wconf 80' lang='grc' dir='ltr'><em>πυθόμενοι</em></span> <span class='ocrx_word' id='word_1_213' title='bbox 764 2719 793 2764; x_wconf 91' lang='lat' dir='ltr'>et</span> <span class='ocrx_word' id='word_1_214' title='bbox 831 2713 869 2767; x_wconf 76' lang='lat' dir='ltr'>ri.</span> <span class='ocrx_word' id='word_1_215' title='bbox 887 2704 971 2764; x_wconf 79' lang='grc' dir='ltr'><em>αότοί</em></span> <span class='ocrx_word' id='word_1_216' title='bbox 980 2724 1018 2764; x_wconf 82' lang='grc' dir='ltr'>τε.</span> 
     </span>
    </p>
   </div>
   <div class='ocr_carea' id='block_1_5' title="bbox 286 2829 1366 4228">
    <p class='ocr_par' dir='ltr' id='par_1_5' title="bbox 286 2829 1366 4228">
     <span class='ocr_line' id='line_1_26' title="bbox 291 2829 1362 2903; baseline -0.003 -19"><span class='ocrx_word' id='word_1_217' title='bbox 291 2831 452 2903; x_wconf 85' lang='lat' dir='ltr'>praefinito,</span> <span class='ocrx_word' id='word_1_218' title='bbox 477 2847 532 2901; x_wconf 87' lang='lat' dir='ltr'>quo</span> <span class='ocrx_word' id='word_1_219' title='bbox 551 2830 671 2901; x_wconf 81' lang='lat' dir='ltr'><strong>episcopi</strong></span> <span class='ocrx_word' id='word_1_220' title='bbox 690 2829 822 2883; x_wconf 86' lang='lat' dir='ltr'>iudicium</span> <span class='ocrx_word' id='word_1_221' title='bbox 839 2829 965 2895; x_wconf 87' lang='lat' dir='ltr'>obirent,</span> <span class='ocrx_word' id='word_1_222' title='bbox 985 2843 1094 2900; x_wconf 83' lang='lat' dir='ltr'>magnus</span> <span class='ocrx_word' id='word_1_223' title='bbox 1112 2829 1273 2883; x_wconf 87' lang='lat' dir='ltr'>domesticus</span> <span class='ocrx_word' id='word_1_224' title='bbox 1289 2830 1362 2883; x_wconf 81' lang='lat' dir='ltr'>rale-</span> 
     </span>
     <span class='ocr_line' id='line_1_27' title="bbox 294 2898 1364 2983; baseline -0.002 -29"><span class='ocrx_word' id='word_1_225' title='bbox 294 2901 365 2954; x_wconf 84' lang='lat' dir='ltr'>dixit</span> <span class='ocrx_word' id='word_1_226' title='bbox 382 2918 412 2953; x_wconf 89' lang='lat' dir='ltr'>ac</span> <span class='ocrx_word' id='word_1_227' title='bbox 430 2900 562 2953; x_wconf 85' lang='lat' dir='ltr'>discessit</span> <span class='ocrx_word' id='word_1_228' title='bbox 597 2902 667 2952; x_wconf 83' lang='lat' dir='ltr'>Tum</span> <span class='ocrx_word' id='word_1_229' title='bbox 693 2898 844 2969; x_wconf 86' lang='lat' dir='ltr'>patriarcba</span> <span class='ocrx_word' id='word_1_230' title='bbox 867 2903 1072 2983; x_wconf 87' lang='lat' dir='ltr'>praesentibus,</span> <span class='ocrx_word' id='word_1_231' title='bbox 1097 2900 1208 2953; x_wconf 82' lang='lat' dir='ltr'>Nescire</span> <span class='ocrx_word' id='word_1_232' title='bbox 1230 2917 1272 2963; x_wconf 90' lang='lat' dir='ltr'>se,</span> <span class='ocrx_word' id='word_1_233' title='bbox 1298 2900 1364 2970; x_wconf 88' lang='lat' dir='ltr'>quid</span> 
     </span>
     <span class='ocr_line' id='line_1_28' title="bbox 293 2969 1363 3042; baseline -0.002 -18"><span class='ocrx_word' id='word_1_234' title='bbox 293 2972 349 3024; x_wconf 91' lang='lat' dir='ltr'>sibi</span> <span class='ocrx_word' id='word_1_235' title='bbox 365 2972 447 3034; x_wconf 81' lang='lat' dir='ltr'>vetit,</span> <span class='ocrx_word' id='word_1_236' title='bbox 468 2971 542 3041; x_wconf 85' lang='lat' dir='ltr'>quod</span> <span class='ocrx_word' id='word_1_237' title='bbox 559 2969 721 3021; x_wconf 87' lang='lat' dir='ltr'>domesticus</span> <span class='ocrx_word' id='word_1_238' title='bbox 738 2970 774 3022; x_wconf 91' lang='lat' dir='ltr'>ad</span> <span class='ocrx_word' id='word_1_239' title='bbox 792 2969 925 3022; x_wconf 77' lang='lat' dir='ltr'>iudicium</span> <span class='ocrx_word' id='word_1_240' title='bbox 942 2969 1081 3023; x_wconf 85' lang='lat' dir='ltr'>condicat:</span> <span class='ocrx_word' id='word_1_241' title='bbox 1100 2979 1147 3024; x_wconf 93' lang='lat' dir='ltr'>aut</span> <span class='ocrx_word' id='word_1_242' title='bbox 1163 2986 1216 3042; x_wconf 87' lang='lat' dir='ltr'>qua</span> <span class='ocrx_word' id='word_1_243' title='bbox 1232 2986 1261 3021; x_wconf 89' lang='lat' dir='ltr'>re</span> <span class='ocrx_word' id='word_1_244' title='bbox 1279 2971 1363 3022; x_wconf 84' lang='lat' dir='ltr'>coufl-</span> 
     </span>
     <span class='ocr_line' id='line_1_29' title="bbox 292 3037 1364 3111; baseline -0.003 -17"><span class='ocrx_word' id='word_1_245' title='bbox 292 3058 353 3105; x_wconf 85' lang='lat' dir='ltr'>sus,</span> <span class='ocrx_word' id='word_1_246' title='bbox 378 3042 518 3111; x_wconf 84' lang='lat' dir='ltr'>episcopos</span> <span class='ocrx_word' id='word_1_247' title='bbox 536 3039 604 3092; x_wconf 90' lang='lat' dir='ltr'>adeo</span> <span class='ocrx_word' id='word_1_248' title='bbox 622 3057 670 3092; x_wconf 92' lang='lat' dir='ltr'>suo</span> <span class='ocrx_word' id='word_1_249' title='bbox 689 3041 811 3107; x_wconf 88' lang='lat' dir='ltr'>ipsorum</span> <span class='ocrx_word' id='word_1_250' title='bbox 829 3040 932 3092; x_wconf 87' lang='lat' dir='ltr'>iudicio</span> <span class='ocrx_word' id='word_1_251' title='bbox 950 3041 1003 3091; x_wconf 85' lang='lat' dir='ltr'>iarn</span> <span class='ocrx_word' id='word_1_252' title='bbox 1026 3040 1178 3103; x_wconf 90' lang='lat' dir='ltr'>damnatos,</span> <span class='ocrx_word' id='word_1_253' title='bbox 1203 3037 1237 3091; x_wconf 89' lang='lat' dir='ltr'>ad</span> <span class='ocrx_word' id='word_1_254' title='bbox 1257 3055 1364 3092; x_wconf 84' lang='lat' dir='ltr'>cansam</span> 
     </span>
     <span class='ocr_line' id='line_1_30' title="bbox 293 3110 1366 3179; baseline -0.003 -15"><span class='ocrx_word' id='word_1_255' title='bbox 293 3111 436 3164; x_wconf 81' lang='lat' dir='ltr'>dicendam</span> <span class='ocrx_word' id='word_1_256' title='bbox 453 3126 608 3163; x_wconf 84' lang='lat' dir='ltr'>occursuros</span> <span class='ocrx_word' id='word_1_257' title='bbox 626 3111 782 3178; x_wconf 79' lang='lat' dir='ltr'><strong>promittat,</strong></span> <span class='ocrx_word' id='word_1_258' title='bbox 801 3110 856 3161; x_wconf 88' lang='lat' dir='ltr'>nisi</span> <span class='ocrx_word' id='word_1_259' title='bbox 873 3111 937 3163; x_wconf 82' lang='lat' dir='ltr'>novi</span> <span class='ocrx_word' id='word_1_260' title='bbox 956 3112 1094 3179; x_wconf 73' lang='lat' dir='ltr'>quippiam</span> <span class='ocrx_word' id='word_1_261' title='bbox 1114 3111 1267 3163; x_wconf 84' lang='lat' dir='ltr'>fabricetur.</span> <span class='ocrx_word' id='word_1_262' title='bbox 1304 3111 1366 3162; x_wconf 56' lang='lat' dir='ltr'>Pars*</span> 
     </span>
     <span class='ocr_line' id='line_1_31' title="bbox 292 3178 1365 3250; baseline -0.004 -16"><span class='ocrx_word' id='word_1_263' title='bbox 292 3180 475 3250; x_wconf 79' lang='lat' dir='ltr'>respondere,</span> <span class='ocrx_word' id='word_1_264' title='bbox 491 3178 533 3232; x_wconf 84' lang='lat' dir='ltr'>Ne</span> <span class='ocrx_word' id='word_1_265' title='bbox 550 3196 579 3233; x_wconf 91' lang='lat' dir='ltr'>se</span> <span class='ocrx_word' id='word_1_266' title='bbox 597 3179 708 3249; x_wconf 90' lang='lat' dir='ltr'>quidem</span> <span class='ocrx_word' id='word_1_267' title='bbox 725 3182 894 3249; x_wconf 78' lang='lat' dir='ltr'>prospicere,</span> <span class='ocrx_word' id='word_1_268' title='bbox 914 3196 1039 3250; x_wconf 88' lang='lat' dir='ltr'>quorsum</span> <span class='ocrx_word' id='word_1_269' title='bbox 1058 3190 1117 3233; x_wconf 88' lang='lat' dir='ltr'>eat:</span> <span class='ocrx_word' id='word_1_270' title='bbox 1134 3197 1211 3250; x_wconf 86' lang='lat' dir='ltr'>pars,</span> <span class='ocrx_word' id='word_1_271' title='bbox 1229 3196 1257 3231; x_wconf 88' lang='lat' dir='ltr'>se</span> <span class='ocrx_word' id='word_1_272' title='bbox 1274 3181 1365 3248; x_wconf 85' lang='lat' dir='ltr'>suspi-</span> 
     </span>
     <span class='ocr_line' id='line_1_32' title="bbox 294 3249 1365 3319; baseline -0.003 -16"><span class='ocrx_word' id='word_1_273' title='bbox 294 3252 364 3312; x_wconf 88' lang='lat' dir='ltr'>cari,</span> <span class='ocrx_word' id='word_1_274' title='bbox 378 3249 453 3303; x_wconf 89' lang='lat' dir='ltr'>baud</span> <span class='ocrx_word' id='word_1_275' title='bbox 472 3250 514 3302; x_wconf 88' lang='lat' dir='ltr'>illi</span> <span class='ocrx_word' id='word_1_276' title='bbox 535 3266 592 3301; x_wconf 88' lang='lat' dir='ltr'>rem</span> <span class='ocrx_word' id='word_1_277' title='bbox 611 3265 671 3301; x_wconf 83' lang='lat' dir='ltr'>rere</span> <span class='ocrx_word' id='word_1_278' title='bbox 690 3251 842 3302; x_wconf 88' lang='lat' dir='ltr'>nuntiatam</span> <span class='ocrx_word' id='word_1_279' title='bbox 860 3266 935 3301; x_wconf 86' lang='lat' dir='ltr'>csse:</span> <span class='ocrx_word' id='word_1_280' title='bbox 962 3249 1011 3300; x_wconf 90' lang='lat' dir='ltr'>sed</span> <span class='ocrx_word' id='word_1_281' title='bbox 1028 3251 1107 3302; x_wconf 86' lang='lat' dir='ltr'>variis</span> <span class='ocrx_word' id='word_1_282' title='bbox 1131 3250 1298 3319; x_wconf 70' lang='lat' dir='ltr'>assiduisque</span> <span class='ocrx_word' id='word_1_283' title='bbox 1316 3265 1365 3301; x_wconf 90' lang='lat' dir='ltr'>ne-</span> 
     </span>
     <span class='ocr_line' id='line_1_33' title="bbox 293 3318 1363 3390; baseline -0.002 -18"><span class='ocrx_word' id='word_1_284' title='bbox 293 3321 373 3390; x_wconf 80' lang='lat' dir='ltr'>gotiis</span> <span class='ocrx_word' id='word_1_285' title='bbox 395 3329 423 3373; x_wconf 93' lang='lat' dir='ltr'>ct</span> <span class='ocrx_word' id='word_1_286' title='bbox 444 3323 514 3372; x_wconf 89' lang='lat' dir='ltr'>curis</span> <span class='ocrx_word' id='word_1_287' title='bbox 531 3319 774 3382; x_wconf 86' lang='lat' dir='ltr'>circumfluentem,</span> <span class='ocrx_word' id='word_1_288' title='bbox 800 3334 870 3390; x_wconf 88' lang='lat' dir='ltr'>quae</span> <span class='ocrx_word' id='word_1_289' title='bbox 887 3318 1024 3382; x_wconf 78' lang='lat' dir='ltr'>audisset,</span> <span class='ocrx_word' id='word_1_290' title='bbox 1049 3319 1194 3390; x_wconf 77' lang='lat' dir='ltr'>diligenter</span> <span class='ocrx_word' id='word_1_291' title='bbox 1211 3321 1363 3372; x_wconf 86' lang='lat' dir='ltr'>examinare</span> 
     </span>
     <span class='ocr_line' id='line_1_34' title="bbox 294 3387 1363 3460; baseline -0.004 -18"><span class='ocrx_word' id='word_1_292' title='bbox 294 3407 326 3442; x_wconf 89' lang='lat' dir='ltr'>ac</span> <span class='ocrx_word' id='word_1_293' title='bbox 341 3390 510 3460; x_wconf 81' lang='lat' dir='ltr'>perpendere</span> <span class='ocrx_word' id='word_1_294' title='bbox 528 3404 583 3439; x_wconf 89' lang='lat' dir='ltr'>non</span> <span class='ocrx_word' id='word_1_295' title='bbox 599 3390 729 3457; x_wconf 83' lang='lat' dir='ltr'>potuisse.</span> <span class='ocrx_word' id='word_1_296' title='bbox 764 3387 859 3459; x_wconf 84' lang='lat' dir='ltr'>Neque</span> <span class='ocrx_word' id='word_1_297' title='bbox 878 3390 951 3440; x_wconf 89' lang='lat' dir='ltr'>enim</span> <span class='ocrx_word' id='word_1_298' title='bbox 969 3388 1111 3459; x_wconf 83' lang='lat' dir='ltr'>probabile</span> <span class='ocrx_word' id='word_1_299' title='bbox 1128 3405 1264 3458; x_wconf 89' lang='lat' dir='ltr'>apparere,</span> <span class='ocrx_word' id='word_1_300' title='bbox 1281 3390 1304 3440; x_wconf 91' lang='lat' dir='ltr'>si</span> <span class='ocrx_word' id='word_1_301' title='bbox 1318 3404 1363 3439; x_wconf 90' lang='lat' dir='ltr'>ac·</span> 
     </span>
     <span class='ocr_line' id='line_1_35' title="bbox 294 3457 1363 3532; baseline -0.005 -19"><span class='ocrx_word' id='word_1_302' title='bbox 294 3463 426 3532; x_wconf 84' lang='lat' dir='ltr'>cepisset,</span> <span class='ocrx_word' id='word_1_303' title='bbox 446 3457 582 3529; x_wconf 87' lang='lat' dir='ltr'>quomodo</span> <span class='ocrx_word' id='word_1_304' title='bbox 600 3458 701 3508; x_wconf 90' lang='lat' dir='ltr'>nullam</span> <span class='ocrx_word' id='word_1_305' title='bbox 719 3457 886 3526; x_wconf 85' lang='lat' dir='ltr'>patriarchae</span> <span class='ocrx_word' id='word_1_306' title='bbox 906 3460 1028 3528; x_wconf 87' lang='lat' dir='ltr'>culpam,</span> <span class='ocrx_word' id='word_1_307' title='bbox 1052 3460 1100 3512; x_wconf 90' lang='lat' dir='ltr'>sed</span> <span class='ocrx_word' id='word_1_308' title='bbox 1115 3459 1268 3511; x_wconf 86' lang='lat' dir='ltr'>mandatum</span> <span class='ocrx_word' id='word_1_309' title='bbox 1288 3460 1363 3511; x_wconf 87' lang='lat' dir='ltr'>dum·</span> 
     </span>
     <span class='ocr_line' id='line_1_36' title="bbox 292 3528 1363 3599; baseline -0.006 -15"><span class='ocrx_word' id='word_1_310' title='bbox 292 3538 369 3584; x_wconf 73' lang='lat' dir='ltr'>canc</span> <span class='ocrx_word' id='word_1_311' title='bbox 392 3529 560 3598; x_wconf 86' lang='lat' dir='ltr'>imperatoria</span> <span class='ocrx_word' id='word_1_312' title='bbox 582 3528 792 3597; x_wconf 85' lang='lat' dir='ltr'>praetendentes</span> <span class='ocrx_word' id='word_1_313' title='bbox 817 3528 959 3592; x_wconf 84' lang='lat' dir='ltr'>venerint,</span> <span class='ocrx_word' id='word_1_314' title='bbox 982 3544 1097 3599; x_wconf 86' lang='lat' dir='ltr'>cumque</span> <span class='ocrx_word' id='word_1_315' title='bbox 1120 3546 1169 3598; x_wconf 90' lang='lat' dir='ltr'>per</span> <span class='ocrx_word' id='word_1_316' title='bbox 1195 3545 1223 3580; x_wconf 90' lang='lat' dir='ltr'>se</span> <span class='ocrx_word' id='word_1_317' title='bbox 1245 3545 1260 3578; x_wconf 88' lang='lat' dir='ltr'>a</span> <span class='ocrx_word' id='word_1_318' title='bbox 1287 3543 1363 3597; x_wconf 75' lang='lat' dir='ltr'>grege</span> 
     </span>
     <span class='ocr_line' id='line_1_37' title="bbox 292 3597 1363 3670; baseline -0.005 -17"><span class='ocrx_word' id='word_1_319' title='bbox 292 3610 387 3653; x_wconf 88' lang='lat' dir='ltr'>contra</span> <span class='ocrx_word' id='word_1_320' title='bbox 403 3613 483 3650; x_wconf 89' lang='lat' dir='ltr'>omne</span> <span class='ocrx_word' id='word_1_321' title='bbox 503 3599 545 3650; x_wconf 88' lang='lat' dir='ltr'>ius</span> <span class='ocrx_word' id='word_1_322' title='bbox 563 3605 591 3648; x_wconf 90' lang='lat' dir='ltr'>et</span> <span class='ocrx_word' id='word_1_323' title='bbox 610 3597 649 3648; x_wconf 84' lang='lat' dir='ltr'>sas</span> <span class='ocrx_word' id='word_1_324' title='bbox 667 3597 808 3667; x_wconf 73' lang='lat' dir='ltr'>abegerint</span> <span class='ocrx_word' id='word_1_325' title='bbox 827 3605 856 3649; x_wconf 88' lang='lat' dir='ltr'>et</span> <span class='ocrx_word' id='word_1_326' title='bbox 873 3614 928 3649; x_wconf 88' lang='lat' dir='ltr'>non</span> <span class='ocrx_word' id='word_1_327' title='bbox 945 3614 1035 3658; x_wconf 80' lang='lat' dir='ltr'>secus,</span> <span class='ocrx_word' id='word_1_328' title='bbox 1053 3616 1134 3670; x_wconf 87' lang='lat' dir='ltr'>quarn</span> <span class='ocrx_word' id='word_1_329' title='bbox 1155 3598 1289 3650; x_wconf 85' lang='lat' dir='ltr'>dirissimo</span> <span class='ocrx_word' id='word_1_330' title='bbox 1304 3613 1363 3648; x_wconf 87' lang='lat' dir='ltr'>soe-</span> 
     </span>
     <span class='ocr_line' id='line_1_38' title="bbox 292 3666 1364 3730; baseline -0.005 -7"><span class='ocrx_word' id='word_1_331' title='bbox 292 3671 350 3722; x_wconf 92' lang='lat' dir='ltr'>lere</span> <span class='ocrx_word' id='word_1_332' title='bbox 367 3676 505 3730; x_wconf 89' lang='lat' dir='ltr'>notatum,</span> <span class='ocrx_word' id='word_1_333' title='bbox 531 3668 560 3718; x_wconf 89' lang='lat' dir='ltr'>in</span> <span class='ocrx_word' id='word_1_334' title='bbox 577 3683 708 3718; x_wconf 85' lang='lat' dir='ltr'>carcerem</span> <span class='ocrx_word' id='word_1_335' title='bbox 727 3666 912 3719; x_wconf 85' lang='lat' dir='ltr'>condiderint:</span> <span class='ocrx_word' id='word_1_336' title='bbox 937 3667 991 3719; x_wconf 88' lang='lat' dir='ltr'>sibi</span> <span class='ocrx_word' id='word_1_337' title='bbox 1010 3677 1100 3721; x_wconf 89' lang='lat' dir='ltr'>autem</span> <span class='ocrx_word' id='word_1_338' title='bbox 1116 3671 1146 3720; x_wconf 91' lang='lat' dir='ltr'>in</span> <span class='ocrx_word' id='word_1_339' title='bbox 1162 3669 1301 3721; x_wconf 87' lang='lat' dir='ltr'>ecelesiam</span> <span class='ocrx_word' id='word_1_340' title='bbox 1315 3684 1364 3718; x_wconf 80' lang='lat' dir='ltr'>au·</span> 
     </span>
     <span class='ocr_line' id='line_1_39' title="bbox 293 3737 1362 3857; baseline -0.003 -66"><span class='ocrx_word' id='word_1_341' title='bbox 293 3740 446 3791; x_wconf 86' lang='lat' dir='ltr'>ctoritatem</span> <span class='ocrx_word' id='word_1_342' title='bbox 460 3738 623 3806; x_wconf 69' lang='lat' dir='ltr'>arrogarim,</span> <span class='ocrx_word' id='word_1_343' title='bbox 641 3742 669 3787; x_wconf 90' lang='lat' dir='ltr'>et</span> <span class='ocrx_word' id='word_1_344' title='bbox 686 3753 745 3788; x_wconf 84' lang='lat' dir='ltr'>cum</span> <span class='ocrx_word' id='word_1_345' title='bbox 759 3745 849 3788; x_wconf 88' lang='lat' dir='ltr'>essent</span> <span class='ocrx_word' id='word_1_346' title='bbox 862 3737 914 3857; x_wconf 81' lang='lat' dir='ltr'>ipsi</span> <span class='ocrx_word' id='word_1_347' title='bbox 927 3738 1099 3790; x_wconf 86' lang='lat' dir='ltr'>iniustissimi</span> <span class='ocrx_word' id='word_1_348' title='bbox 1111 3747 1193 3809; x_wconf 88' lang='lat' dir='ltr'>atque</span> <span class='ocrx_word' id='word_1_349' title='bbox 1208 3738 1362 3799; x_wconf 81' lang='lat' dir='ltr'>avarissimi,</span> 
     </span>
     <span class='ocr_line' id='line_1_40' title="bbox 292 3804 1361 3879; baseline -0.003 -19"><span class='ocrx_word' id='word_1_350' title='bbox 292 3809 425 3879; x_wconf 85' lang='lat' dir='ltr'>populum</span> <span class='ocrx_word' id='word_1_351' title='bbox 446 3806 574 3875; x_wconf 81' lang='lat' dir='ltr'>perfricta</span> <span class='ocrx_word' id='word_1_352' title='bbox 591 3807 680 3858; x_wconf 79' lang='lat' dir='ltr'>iconte</span> <span class='ocrx_word' id='word_1_353' title='bbox 698 3804 733 3857; x_wconf 92' lang='lat' dir='ltr'>de</span> <span class='ocrx_word' id='word_1_354' title='bbox 750 3810 850 3860; x_wconf 81' lang='lat' dir='ltr'>virtute</span> <span class='ocrx_word' id='word_1_355' title='bbox 888 3808 1024 3860; x_wconf 89' lang='lat' dir='ltr'>ocucrint:</span> <span class='ocrx_word' id='word_1_356' title='bbox 1052 3808 1120 3879; x_wconf 89' lang='lat' dir='ltr'>quin</span> <span class='ocrx_word' id='word_1_357' title='bbox 1138 3809 1219 3859; x_wconf 85' lang='lat' dir='ltr'>etiarn</span> <span class='ocrx_word' id='word_1_358' title='bbox 1237 3807 1273 3859; x_wconf 90' lang='lat' dir='ltr'>ob</span> <span class='ocrx_word' id='word_1_359' title='bbox 1291 3806 1361 3874; x_wconf 88' lang='lat' dir='ltr'>rapi·</span> 
     </span>
     <span class='ocr_line' id='line_1_41' title="bbox 291 3875 1362 3949; baseline -0.002 -20"><span class='ocrx_word' id='word_1_360' title='bbox 291 3893 341 3929; x_wconf 88' lang='lat' dir='ltr'>nas</span> <span class='ocrx_word' id='word_1_361' title='bbox 359 3893 420 3928; x_wconf 87' lang='lat' dir='ltr'>suas</span> <span class='ocrx_word' id='word_1_362' title='bbox 437 3876 522 3945; x_wconf 82' lang='lat' dir='ltr'>gioria</span> <span class='ocrx_word' id='word_1_363' title='bbox 539 3891 568 3927; x_wconf 87' lang='lat' dir='ltr'>sc</span> <span class='ocrx_word' id='word_1_364' title='bbox 585 3884 613 3928; x_wconf 88' lang='lat' dir='ltr'>et</span> <span class='ocrx_word' id='word_1_365' title='bbox 628 3876 830 3946; x_wconf 87' lang='lat' dir='ltr'>praedicatione</span> <span class='ocrx_word' id='word_1_366' title='bbox 847 3878 1005 3940; x_wconf 82' lang='lat' dir='ltr'>extulerint,</span> <span class='ocrx_word' id='word_1_367' title='bbox 1023 3878 1090 3930; x_wconf 83' lang='lat' dir='ltr'>tales</span> <span class='ocrx_word' id='word_1_368' title='bbox 1106 3879 1136 3930; x_wconf 90' lang='lat' dir='ltr'>in</span> <span class='ocrx_word' id='word_1_369' title='bbox 1154 3875 1285 3949; x_wconf 83' lang='lat' dir='ltr'>iudicipm</span> <span class='ocrx_word' id='word_1_370' title='bbox 1298 3893 1362 3929; x_wconf 83' lang='lat' dir='ltr'>ven·</span> 
     </span>
     <span class='ocr_line' id='line_1_42' title="bbox 292 3946 1362 4017; baseline -0.001 -18"><span class='ocrx_word' id='word_1_371' title='bbox 292 3954 368 4000; x_wconf 84' lang='lat' dir='ltr'>turos</span> <span class='ocrx_word' id='word_1_372' title='bbox 385 3947 577 4015; x_wconf 84' lang='lat' dir='ltr'>promissurum</span> <span class='ocrx_word' id='word_1_373' title='bbox 597 3962 628 3996; x_wconf 87' lang='lat' dir='ltr'>nc</span> <span class='ocrx_word' id='word_1_374' title='bbox 651 3962 707 3999; x_wconf 90' lang='lat' dir='ltr'>non</span> <span class='ocrx_word' id='word_1_375' title='bbox 725 3947 817 4016; x_wconf 88' lang='lat' dir='ltr'>potius</span> <span class='ocrx_word' id='word_1_376' title='bbox 840 3947 930 4016; x_wconf 91' lang='lat' dir='ltr'>ipsum</span> <span class='ocrx_word' id='word_1_377' title='bbox 948 3947 1074 3999; x_wconf 89' lang='lat' dir='ltr'>omnibns</span> <span class='ocrx_word' id='word_1_378' title='bbox 1097 3948 1171 4017; x_wconf 89' lang='lat' dir='ltr'>prius</span> <span class='ocrx_word' id='word_1_379' title='bbox 1191 3946 1301 3998; x_wconf 86' lang='lat' dir='ltr'>calculis</span> <span class='ocrx_word' id='word_1_380' title='bbox 1318 3962 1362 3998; x_wconf 86' lang='lat' dir='ltr'>cos</span> 
     </span>
     <span class='ocr_line' id='line_1_43' title="bbox 293 4012 1362 4087; baseline -0.002 -20"><span class='ocrx_word' id='word_1_381' title='bbox 293 4015 533 4068; x_wconf 85' lang='lat' dir='ltr'>condemnaturum</span> <span class='ocrx_word' id='word_1_382' title='bbox 551 4016 643 4069; x_wconf 76' lang='lat' dir='ltr'>foisse.</span> <span class='ocrx_word' id='word_1_383' title='bbox 678 4016 794 4087; x_wconf 85' lang='lat' dir='ltr'>Excepit</span> <span class='ocrx_word' id='word_1_384' title='bbox 809 4014 976 4086; x_wconf 85' lang='lat' dir='ltr'>patriarcba,</span> <span class='ocrx_word' id='word_1_385' title='bbox 1003 4015 1082 4069; x_wconf 84' lang='lat' dir='ltr'>Haud</span> <span class='ocrx_word' id='word_1_386' title='bbox 1102 4012 1217 4068; x_wconf 82' lang='lat' dir='ltr'>absurde</span> <span class='ocrx_word' id='word_1_387' title='bbox 1242 4016 1362 4079; x_wconf 88' lang='lat' dir='ltr'>locutos;</span> 
     </span>
     <span class='ocr_line' id='line_1_44' title="bbox 292 4082 1363 4150; baseline -0.003 -12"><span class='ocrx_word' id='word_1_388' title='bbox 292 4102 321 4138; x_wconf 90' lang='lat' dir='ltr'>sc</span> <span class='ocrx_word' id='word_1_389' title='bbox 339 4084 427 4138; x_wconf 88' lang='lat' dir='ltr'>nibilo</span> <span class='ocrx_word' id='word_1_390' title='bbox 452 4086 541 4138; x_wconf 89' lang='lat' dir='ltr'>minua</span> <span class='ocrx_word' id='word_1_391' title='bbox 556 4086 678 4139; x_wconf 88' lang='lat' dir='ltr'>nondum</span> <span class='ocrx_word' id='word_1_392' title='bbox 696 4086 811 4149; x_wconf 84' lang='lat' dir='ltr'>adduci,</span> <span class='ocrx_word' id='word_1_393' title='bbox 832 4095 864 4139; x_wconf 93' lang='lat' dir='ltr'>ut</span> <span class='ocrx_word' id='word_1_394' title='bbox 881 4085 987 4150; x_wconf 71' lang='lat' dir='ltr'>medat,</span> <span class='ocrx_word' id='word_1_395' title='bbox 1010 4084 1048 4138; x_wconf 88' lang='lat' dir='ltr'>ita</span> <span class='ocrx_word' id='word_1_396' title='bbox 1064 4101 1093 4139; x_wconf 87' lang='lat' dir='ltr'>se</span> <span class='ocrx_word' id='word_1_397' title='bbox 1113 4102 1168 4137; x_wconf 88' lang='lat' dir='ltr'>rem</span> <span class='ocrx_word' id='word_1_398' title='bbox 1184 4082 1299 4138; x_wconf 77' lang='lat' dir='ltr'>babere:</span> <span class='ocrx_word' id='word_1_399' title='bbox 1316 4084 1363 4136; x_wconf 88' lang='lat' dir='ltr'>sed</span> 
     </span>
     <span class='ocr_line' id='line_1_45' title="bbox 286 4153 1362 4228; baseline -0.002 -19"><span class='ocrx_word' id='word_1_400' title='bbox 286 4155 370 4211; x_wconf 77' lang='lat' dir='ltr'>‘ilium</span> <span class='ocrx_word' id='word_1_401' title='bbox 387 4155 539 4211; x_wconf 70' lang='lat' dir='ltr'>aemulatae</span> <span class='ocrx_word' id='word_1_402' title='bbox 556 4154 716 4227; x_wconf 84' lang='lat' dir='ltr'>prudentiae</span> <span class='ocrx_word' id='word_1_403' title='bbox 733 4158 840 4220; x_wconf 78' lang='lat' dir='ltr'>rtrum,</span> <span class='ocrx_word' id='word_1_404' title='bbox 863 4153 938 4228; x_wconf 86' lang='lat' dir='ltr'>cprod</span> <span class='ocrx_word' id='word_1_405' title='bbox 955 4155 1042 4210; x_wconf 87' lang='lat' dir='ltr'>sciant</span> <span class='ocrx_word' id='word_1_406' title='bbox 1061 4171 1172 4222; x_wconf 85' lang='lat' dir='ltr'>omnes,</span> <span class='ocrx_word' id='word_1_407' title='bbox 1190 4154 1297 4227; x_wconf 78' lang='lat' dir='ltr'>aliquid</span> <span class='ocrx_word' id='word_1_408' title='bbox 1315 4168 1362 4208; x_wconf 87' lang='lat' dir='ltr'>ex·</span> 
     </span>
    </p>
   </div>
   <div class='ocr_carea' id='block_1_6' title="bbox 0 0 1504 4742">
    <p class='ocr_par' dir='ltr' id='par_1_6' title="bbox 0 0 1504 4742">
     <span class='ocr_line' id='line_1_46' title="bbox 0 0 1504 4742; baseline 0 0"><span class='ocrx_word' id='word_1_409' title='bbox 0 0 1504 4742; x_wconf 95' lang='lat' dir='ltr'> </span> 
     </span>
    </p>
   </div>
  </div>
 </body>
</html>
