3000 4742
275 261 361 344 270
678 230 961 322 murrcuznur'

132 415 196 499 bc·
208 408 495 495 rtabdrrepyriaqrar
513 406 638 490 δείσας,
655 408 808 494 στρατιὰν
823 406 1051 491 ἀπολεξάμενος
1068 401 1142 494 ὅσην
1163 401 1239 500 ᾤετο
1262 402 1357 499 ἀρκέ-

275 533 343 577 σειν
361 505 441 591 πρός
456 505 492 573 τό
523 504 613 592 ἔργον
619 557 630 589 ,
656 507 712 592 την
728 502 898 594 ἀκρόπολιν
915 508 1104 594 προσέταξεν
1119 505 1238 588 ἔξωθεν
1255 533 1356 596 φρου-

275 617 360 695 ρεῖν,
377 602 462 685 ὅπως
484 604 593 691 μηδείς
616 609 754 673 εἰσέλθοι
776 609 809 686 ἐς
840 602 950 693 ου’τὴν.
992 605 1022 671 οἱ
1044 609 1079 673 δέ
1102 610 1137 674 έν
1164 611 1282 694 Φεραῖς
1305 605 1356 674 ότι

274 708 321 782 είς
338 704 567 789 Θεσσαλονίκην
593 701 720 789 ἔρχεται
746 703 959 789 πυθόμενοιό
986 703 1153 789 βασιλεός,
1177 706 1355 788 δείσαντες,

274 800 348 888 όπερ
368 805 496 887 ἐγένετο,
508 803 553 889 μη
576 804 663 891 αάτηῖ
685 801 906 892 προσχωρηση,
925 804 1124 891 τριακοσίους
1138 803 1286 889 ἔπεμψαν
1302 808 1373 873 ier-5

251 902 389 987 cya'duc,
415 898 495 967 dora
516 900 574 987 τήν
587 926 621 969 τε
638 901 808 985 ἀκρόπολιν
827 910 995 985 κατασχεῖν
1009 901 1065 968 καί
1080 912 1145 979 τοῖς
1160 906 1196 970 έν
1210 908 1251 992 τῇ
1266 901 1356 970 πόλει

273 1001 394 1087 θάρσος
419 1010 597 1088 παρασχεῖν
618 1002 805 1086 ἀντιστῆναι
830 1005 962 1083 βασιλεῖ.
1001 1001 1215 1084 συμβαλόντες
1233 1006 1274 1069 ’δέ
1295 1005 1355 1069 ari·

273 1108 340 1177 τοῖς
365 1097 396 1165 οἱ
415 1099 503 1185 παρὰ
531 1102 686 1183 βασιλέως
703 1099 965 1185 προστεταγμένοι
985 1097 1042 1183 την
1061 1098 1226 1187 ἀκρόπολιν
1252 1124 1355 1189 φρου-

274 1209 356 1285 ρεῖν,
373 1201 548 1286 ἐτρέψαντο
565 1197 643 1264 κατὰ
660 1200 772 1285 κρότος
776 1248 787 1280 ,
804 1196 860 1264 καί
873 1195 947 1275 τοός
962 1201 1022 1280 μὲν
1038 1198 1221 1265 ἀπέκτειναν
1237 1201 1354 1282 αάτοόν,

272 1296 347 1373 τούς
373 1299 408 1362 δὲ
438 1290 522 1362 εἷλον
544 1300 673 1376 ζῶντας.
712 1293 862 1379 βασιλεός
883 1299 919 1361 δὲ
945 1294 1015 1360 ἐπεὶ
1036 1294 1075 1362 τό
1106 1294 1185 1384 πρός
1210 1294 1390 1385 φυλακῆνιο

254 1398 327 1481 ,τῆς
347 1393 544 1480 ἀκροπόλεως
566 1392 774 1482 έξηρτόσατυ,
790 1386 863 1479 ἧκεν
878 1398 923 1471 εἰς
943 1392 1003 1479 την
1023 1391 1116 1478 ἀγίαν
1134 1394 1230 1483 σορόν
1244 1401 1356 1482 Δημη-

272 1497 434 1581 τρίουτοῦ
458 1493 619 1580 μάρτυρος
635 1499 691 1559 καί
718 1492 940 1580 μυροβλότου,
969 1489 1038 1574 ἅμα
1053 1497 1113 1576 μὲν
1133 1494 1356 1582 προσκυνήσων

273 1589 388 1675 αάτόν,
418 1585 473 1680 (ἦν
494 1589 554 1679 γόρ
580 1594 613 1668 ἐξ
641 1592 764 1677 ἡλικίας
789 1587 915 1678 πραότης
935 1591 1033 1678 τιμὴν
1061 1594 1147 1682 αὐτῷ
1172 1594 1226 1659 καί
1249 1594 1355 1661 πίστιν

271 1689 367 1757 ababa
383 1685 405 1777 ἢ
420 1688 500 1755 κατὰ
517 1690 592 1767 τούς
607 1683 719 1767 ἄλλους
733 1689 897 1777 μάρτυρας
916 1692 1065 1777 παρέχων
1084 1696 1139 1757 καί
1154 1687 1257 1778 ὥσπερ
1280 1695 1355 1779 έρα-

242 1787 348 1875 nuri<
372 1789 474 1856 αάτυῦ
489 1781 574 1877 dn)
613 1785 681 1872 ἅμα
702 1791 737 1854 δέ
762 1792 818 1854 καί
832 1791 889 1874 τῆς
907 1787 1068 1876 παρούσης
1088 1794 1178 1857 ἕνεκα
1203 1787 1390 1875 εότυχίαςιό

270 1888 482 1973 ἀμειψόμενος
500 1889 725 1973 εὐχαριστιαις.
746 1887 965 1975 προσκυνήσας
991 1891 1027 1953 δὲ
1042 1888 1098 1954 καὶ
1114 1888 1353 1976 εὐχαριστήσας,

270 1991 341 2056 ἐπεὶ
362 1991 416 2054 καί
445 1985 501 2053 τόν
521 1984 603 2052 πόδα
628 1990 664 2053 ἐκ
690 1990 748 2073 τῆς
779 1985 856 2074 πρὸς
885 1992 1018 2075 Πέρσας
1046 1990 1153 2075 μάχης
1181 2015 1355 2074 τραυματυ-

270 2086 378 2170 σθείς,
400 2089 414 2174 (
425 2088 459 2152 ἐν
475 2089 627 2172 τέσσαρσι
652 2084 708 2150 καί
734 2088 810 2152 δέκα
835 2089 916 2172 μησί
932 2091 1172 2174 θεραπευθῆναι
1195 2088 1252 2152 οάκ
1273 2088 1352 2172 η’δυ·

271 2184 371 2271 νήθη,
400 2183 500 2249 πολλοὶ
527 2188 590 2249 ταῖν
610 2188 726 2272 ίατροόν
751 2188 1101 2273 πραγματευσαμένων,
1129 2184 1208 2252 ἀλλὰ
1235 2212 1349 2275 aparte·

270 2285 365 2362 λίζων
383 2281 435 2347 ἀεί
457 2283 495 2348 ori
517 2282 658 2370 φορητός
677 2295 808 2371 παρεῖχε
823 2285 880 2361 τοὶς
896 2279 1051 2373 όδόνας,)
1070 2282 1105 2351 τὸ
1120 2286 1269 2370 ὑπόδημα
1293 2286 1390 2351 iri-ro

271 2406 347 2463 σας,
367 2385 410 2468 τῷ
430 2379 520 2469 μόρῳ
546 2381 650 2468 χρίειν
671 2380 779 2463 ἔμελλε
798 2386 855 2449 τοῦ
880 2381 989 2468 ἀγίου,
1017 2385 1226 2467 ένθυμηθοίς,
1256 2383 1299 2459 αἷς
1327 2380 1350 2450 ἀ

270 2479 316 2564 μὴ
346 2477 474 2569 δόναιτο
503 2475 684 2566 ἀνθρωπίνη
700 2485 795 2568 τέχνη
823 2481 879 2547 καί
900 2479 1043 2568 σπουδὴ,
1071 2486 1174 2547 ταῦτα
1193 2480 1267 2559 θεός
1285 2493 1351 2560 τοῖς

132 2594 139 2603 “
190 2642 193 2648 ,
271 2580 373 2665 ἁγίοις
399 2581 540 2667 μα’ρτυσι
566 2576 726 2648 δύνασθαι
747 2584 917 2668 παρέσχεν.
967 2581 1037 2650 ἐπεὶ
1062 2585 1099 2649 δὲ
1126 2581 1179 2648 τόν
1208 2606 1243 2647 τε
1270 2582 1350 2649 πόδα

342 2748 383 2802 ¹9·
397 2730 574 2802 σφακελίζων
582 2730 638 2787 ED.
652 2733 678 2791 P.
691 2749 740 2804 pro
758 2731 957 2804 σφακελλίζων.
1053 2781 1057 2791 .

272 2851 371 2914 mirra,
393 2853 423 2904 in
448 2867 536 2904 arcem
569 2867 662 2902 manus
689 2851 746 2903 eiua
775 2855 1002 2922 expuguationem
1023 2862 1218 2916 remoraretur,
1244 2853 1349 2922 copiam

292 2932 402 2975 nautam
426 2924 552 2974 sufficere
567 2921 748 2974 arbitrabatur
770 2920 831 2974 dele
850 2925 872 2974 it
888 2936 1003 2992 eamque
1017 2924 1093 2986 forie,
1113 2941 1148 2976 ne
1164 2926 1207 2975 eui
1222 2925 1350 2976 introitur

272 2942 391 3057 daretur,
409 2993 540 3046 custodiri
555 2992 701 3044 mandavit
737 2992 794 3063 Qui
812 2941 904 3044 Pberia
919 2992 1082 3056 manebant,
1098 3011 1129 3045 υο
1167 2995 1215 3057 ito,
1231 2995 1352 3062 impera·

233 3072 236 3081 '
271 3070 359 3116 torem
376 3063 595 3116 Tberraionicam
612 3078 737 3132 pergere,
763 3064 905 3126 timenter,
927 3062 957 3114 id
980 3062 1054 3135 quod
1070 3065 1125 3116 reci
1146 3066 1182 3127 it,
1200 3080 1235 3117 ne
1255 3081 1284 3115 re
1303 3063 1348 3114 ilii

273 3134 401 3199 dederet,
419 3141 602 3187 trecentorum
618 3134 705 3184 virum
726 3132 832 3185 delecta
853 3149 964 3203 corpore
988 3134 1117 3198 mittunt,
1140 3135 1189 3217 qui
1211 3142 1238 3186 et
1259 3150 1350 3185 arcem

271 3211 385 3257 teneant
402 3213 430 3257 et
445 3204 548 3255 civibus
565 3204 594 3256 iu
606 3201 674 3255 urbe
690 3202 725 3255 ad
745 3203 926 3255 resistendum
944 3204 1099 3273 imperatori
1116 3222 1219 3256 nnrrnnr
1238 3204 1347 3256 satiant

273 3273 350 3342 Quor
375 3275 422 3345 qui
440 3274 473 3326 ad
490 3275 558 3325 arcir
583 3272 672 3324 aditur
690 3274 835 3326 servandos
856 3274 952 3325 aelecti
972 3282 1066 3337 erant,
1093 3275 1191 3326 coliate
1205 3273 1293 3343 pede,
1319 3273 1349 3324 vi

275 3350 304 3396 et
321 3345 423 3396 virtute
436 3343 465 3395 in
477 3343 566 3412 sugam
580 3342 787 3411 compulerunt;
812 3352 842 3396 et
859 3344 927 3395 aliur
948 3342 1057 3414 quidem
1076 3343 1251 3406 oeciderunt,
1279 3344 1348 3395 aliur

272 3413 348 3465 viror
363 3421 501 3483 ceperunt
522 3413 683 3465 constitutit
701 3408 771 3484 q'uae
784 3412 820 3465 ad
835 3415 904 3464 arcia
924 3412 1073 3466 curtadiam
1089 3414 1272 3484 pertinebant,
1293 3414 1347 3465 inr-

271 3490 383 3552 perator
403 3482 438 3534 ad
462 3491 584 3535 sanctum
602 3483 734 3535 Demetrii
763 3486 887 3550 martyria
905 3491 933 3536 et
951 3484 1131 3551 myrobiytae,
1159 3483 1189 3536 id
1211 3492 1266 3547 eat,
1293 3501 1347 3535 un·

273 3561 403 3623 guentunr
425 3554 611 3615 scaturientis,
630 3551 811 3605 conditorium
826 3555 972 3622 procerrit,
989 3555 1070 3606 timul
1090 3563 1122 3606 ut
1141 3553 1266 3622 precibur
1283 3569 1349 3604 eurn

271 3632 460 3686 veneraretur,
479 3626 581 3693 quippe
596 3637 676 3692 quem
696 3639 712 3673 a
730 3640 814 3691 puero
834 3641 899 3692 prae
918 3624 977 3676 aliia
1001 3624 1163 3691 martyribus
1185 3622 1348 3686 honorabat,

253 3700 301 3745 et
323 3694 432 3762 pluria
451 3710 483 3745 eo
507 3693 566 3761 rpei
585 3691 748 3760 reponebat,
780 3709 861 3763 quam
885 3695 914 3747 iu
938 3695 1050 3756 eeterir,
1074 3697 1249 3764 impenaeque
1268 3693 1348 3745 illurn

272 3761 418 3833 diligebat,
451 3763 532 3816 simui
556 3769 588 3814 ut
614 3760 703 3813 eidem
727 3765 825 3832 gratias
854 3762 887 3816 de
907 3764 998 3817 oblata
1021 3765 1152 3819 felicitate
1176 3762 1347 3833 rependeret.

271 3833 380 3887 Peracto
394 3842 527 3905 utroque,
547 3833 674 3903 quoniam
689 3834 770 3885 etiam
783 3835 881 3904 pedem
894 3837 924 3888 in
946 3835 1072 3895 conflictu
1095 3851 1156 3888 cnm
1176 3834 1262 3887 Perrir
1283 3832 1347 3883 vui-

271 3912 395 3963 neratur‚
414 3903 619 3976 quatuordeeim
638 3903 777 3956 mensibu·
800 3907 889 3958 curari
909 3924 965 3958 non
983 3912 1106 3975 poterat,
1129 3905 1215 3956 multa
1232 3902 1347 3954 medicis

271 3974 374 4026 auxilia
388 3975 485 4029 frustra
501 3974 719 4044 experientibus,
738 3974 788 4027 red
813 3992 846 4028 eo
864 3977 996 4046 paulatim
1014 3975 1184 4037 tabescente,
1203 3973 1347 4026 doloribur

270 4043 449 4097 intolerandis
466 4044 651 4111 cruciabatur;
670 4046 760 4099 roluto
778 4047 882 4110 calceo,
901 4048 986 4098 raucti
1002 4056 1140 4116 unguento
1160 4045 1241 4096 ilium
1260 4059 1344 4112 para-

269 4114 319 4168 bat
331 4117 477 4186 periinere,
494 4118 534 4168 ita
551 4132 642 4169 aecum
656 4117 775 4179 voirenr,
793 4133 862 4187 quae
877 4134 919 4169 arr
934 4116 1050 4169 bumana
1063 4125 1091 4169 et
1107 4114 1227 4169 rtudiurn
1245 4114 1345 4182 nequi-

270 4194 346 4254 rent,
365 4203 399 4242 ea
418 4187 512 4242 Deum·
530 4188 630 4242 sanctie
652 4187 815 4255 martyribur
831 4204 909 4258 poree
931 4185 1088 4241 conarere,
1122 4185 1231 4242 dbiatia
1252 4182 1347 4239 tueri·
